2387 4040
594 360 1004 429 LIBER
1056 361 1171 429 ιν.
1232 359 1630 427 offlxn.
1760 384 1892 451 273

337 508 469 545 men
494 487 773 563 postremo
798 488 905 543 fuit
917 486 1161 543 Medulli
1182 485 1389 543 montis
1416 485 1654 541 obfidio.
1691 480 1902 561 (Quem

334 582 611 643 perpetua
661 568 991 641 quindecim
1044 567 1292 621 millium
1345 565 1480 621 foffa
1525 563 1901 639 comprehen-

236 654 244 662 “
334 647 458 702 sum
484 646 687 710 cinxit,
707 647 961 721 undique
992 646 1151 700 simul
1178 644 1417 700 adeunte
1447 646 1731 713 Romano)
1751 644 1903 719 post-

336 745 507 799 quam
559 741 807 781 extrema
834 725 1052 781 barbari
1074 723 1292 788 vident,
1321 726 1572 780 certatim
1603 724 1753 807 igne,
1789 723 1900 778 fer·-

336 824 401 860 ro
444 804 593 859 inter
619 806 809 879 epulas
837 823 1184 879 venenoque,
1215 803 1372 877 quod
1400 804 1482 858 ibi
1507 801 1682 877 vulgo
1709 822 1779 856 ex
1808 823 1897 858 ar-

334 884 571 947 boribus
614 882 1220 956 taxeis’exprimitur„
1253 901 1562 956 praecepere
1614 894 1888 937 mortemz

338 963 502 1036 seque
533 981 661 1036 pars
714 964 892 1037 major
931 982 969 1025 a
1020 960 1361 1035 captivitate,
1412 981 1534 1035 quae
1571 959 1889 1025 videbatur,

341 1039 723 1097 vindicavere.
808 1040 942 1097 Haec
968 1060 1068 1115 per
1098 1039 1433 1106 Antistium,
1474 1040 1769 1104 Furnium,
1808 1040 1898 1094 A-

340 1120 626 1196 grippam,
677 1122 912 1197 legatos„
973 1118 1278 1175 bihernans
1318 1119 1378 1176 in
1418 1119 1753 1180 Tarraconis
1782 1126 1902 1174 ma-

342 1200 547 1253 ritimis
578 1198 761 1256 Caesar
782 1200 1020 1272 accepit.
1098 1198 1224 1272 Ipse
1267 1197 1500 1272 praesens
1530 1196 1633 1253 hos
1661 1193 1908 1253 deduxit

342 1278 656 1344 montibus,
690 1276 795 1333 hos
822 1277 1106 1334 obfidibus
1132 1276 1410 1343 astrinxit,
1441 1274 1544 1331 hos
1571 1276 1680 1349 sub·
1695 1296 1906 1332 corona

332 1359 463 1433 jure
518 1356 652 1411 belli
703 1354 1095 1430 venumdedit.
1186 1356 1376 1432 Digna
1424 1374 1508 1411 res
1561 1357 1744 1423 lauro,
1775 1356 1904 1433 dig-

337 1455 413 1489 na
459 1456 627 1491 curru
667 1435 884 1491 senatui.
906 1435 1018 1492 visa
1066 1435 1292 1501 est,-sed
1337 1438 1457 1511 jam
1509 1434 1692 1492 Caesar
1719 1450 1904 1491 tantus

343 1514 481 1581 erat}
527 1529 589 1569 ut
628 1514 801 1588 poffet
841 1514 1165 1589 triumphos
1207 1528 1618 1571 contemnere.·
1674 1512 1905 1570 Astures

342 1612 441 1668 per
485 1590 637 1650 idem
702 1607 921 1667 tempus
976 1594 1195 1670 ingenti
1262 1595 1484 1668 agmine
1531 1616 1562 1649 a
1613 1594 1905 1649 montibus

342 1670 453 1727 suis
482 1671 911 1728 descenderant:
963 1692 1064 1728 nec
1111 1688 1314 1729 temere
1369 1673 1650 1748 sumptus,
1685 1688 1748 1729 ut
1779 1673 1905 1728 bar-

346 1751 512 1815 baris,
580 1752 856 1825 impetus:
919 1751 1036 1807 sed.
1058 1750 1252 1825 positis
1305 1750 1487 1806 castris
1527 1751 1682 1825 apud
1730 1752 1905 1805 Astu·-

344 1848 465 1885 ram
496 1830 727 1896 flumen,
782 1828 1051 1885 trifariam
1078 1828 1256 1885 diviso
1287 1830 1551 1905 agmine,
1607 1828 1712 1884 tria
1749 1828 1910 1883 fimul

347 1908 747 1964 Romanorum
769 1907 937 1964 castra
956 1906 1186 1985 aggredi
1229 1922 1453 1980 parant.
1501 1906 1701 1963 Fuisset
1729 1920 1782 1961 et
1807 1927 1910 1963 an-

350 2005 505 2062 ceps,
538 2000 592 2042 et
630 2001 948 2053 cruentum,
1006 2002 1058 2043 et
1082 1986 1298 2042 utinam
1329 2002 1523 2043 mutua
1547 1986 1702 2042 clade
1735 2000 1910 2043 certa-

348 2085 503 2132 men,
568 2080 700 2122 tunc
750 2081 861 2122 tam
912 2066 1173 2131 fortibus,
1235 2081 1347 2128 tam
1397 2066 1604 2132 subito,
1644 2081 1756 2120 tam
1781 2086 1912 2122 cum

357 2145 586 2201 consilio
651 2146 1027 2211 venientibus,
1079 2144 1179 2199 nifi
1249 2145 1553 2219 Trigaecini
1626 2143 1913 2220 prodidis-

348 2223 488 2278 sent.
559 2224 617 2278 A
643 2225 847 2298 quibus
874 2224 1240 2297 praemonitus
1284 2223 1546 2289 Catilius,
1600 2242 1911 2294 cum2exer-

346 2303 459 2358 citu
507 2302 809 2358 adveniens
864 2301 1131 2376 oppreflit
1172 2302 1420 2366 consilia,
1453 2302 1521 2358 fic
1562 2321 1787 2376 quoque
1831 2316 1911 2358 ta-

348 2398 479 2435 men
508 2399 626 2436 non
656 2382 950 2436 incruento
979 2381 1305 2436 certamine.
1375 2380 1662 2454 Reliquias
1685 2379 1784 2437 fufi
1812 2399 1913 2436 ex-

352 2459 557 2513 ercitus
600 2459 929 2514 validiffiina
979 2459 1168 2515 civitas
1214 2459 1421 2517 Lancia
1465 2461 1708 2534 excepit.
1796 2459 1916 2516 Ubi

354 2537 499 2592 adeo
530 2552 801 2594 certatum
829 2538 925 2604 est,
959 2551 1021 2593 ut
1046 2557 1224 2612 quum
1254 2539 1314 2594 in
1347 2553 1565 2614 captam
1591 2540 1787 2594 urbem
1831 2537 1914 2594 fa-

350 2635 437 2672 ces
467 2616 853 2691 poscerentur,
909 2636 1049 2693 aegre
1078 2617 1197 2672 dux
1225 2617 1539 2692 impetrarit
1589 2617 1832 2682 veniam,
1861 2629 1917 2674 ut

353 2693 571 2750 vicfloriae
592 2698 819 2752 Romanae
824 2691 971 2769 stans
985 2696 1147 2767 potius
1172 2693 1307 2773 effet,
1336 2715 1478 2772 quam
1506 2695 1721 2769 incensa,
1749 2715 1917 2752 monu-

350 2784 585 2828 mentum.
613 2800 625 2808 ·
676 2776 789 2832 Hic
817 2773 945 2831 finis
974 2775 1233 2850 Augusto
1283 2777 1608 2830 bellicorum
1660 2777 1917 2832 certami-

350 2872 490 2908 num
522 2851 663 2922 fuit:
697 2854 851 2910 idem
872 2853 1187 2910 rebellandi
1217 2854 1344 2910 finis
1375 2853 1685 2928 Hispaniae.
1774 2856 1916 2911 Cer-

352 2945 407 2986 ta
436 2951 572 2987 mox
604 2930 763 2997 fides»,
796 2947 850 2988 et
876 2947 1077 2990 aeterna
1109 2951 1260 3005 pax3
1315 2953 1444 2990 cum
1473 2934 1726 3007 ipsorum
1755 2936 1915 3011 inge-

348 3011 447 3066 nio
472 3008 533 3065 in
555 3012 705 3084 pacis
732 3027 914 3086 partes
941 3013 1296 3084 promtiore:
1331 3029 1449 3068 tum
1477 3013 1708 3070 confilio
1738 3014 1917 3070 Caesa-

352 3091 452 3156 πίε,
482 3091 576 3163 qui
622 3089 883 3146 fiduciam
912 3090 1200 3146 montium
1231 3095 1454 3156 timenS,
1490 3093 1550 3146 in
1581 3111 1721 3166 quos
1750 3093 1800 3147 se
1829 3114 1917 3147 re-

354 3169 666 3243 cipiebant,
699 3169 863 3229 castra
885 3169 1000 3235 sua,
1031 3167 1124 3224 sed
1153 3189 1275 3243 quae
1306 3173 1367 3226 in
1398 3171 1572 3245 plano
1597 3188 1776 3238 erant,
1813 3170 1915 3228 ha-

354 3247 529 3305 bitare
557 3263 610 3305 et
656 3247 901 3305 incolere
921 3247 1098 3326 juffit.
1184 3251 1437 3328 Ingentis
1461 3248 1566 3306 eise
1597 3252 1816 3309 consilii
1843 3252 1913 3306 il-

1816 3330 1918 3388 lud
