2387 4040
580 351 991 419 LIBER
1044 350 1161 419 IV.
1222 350 1423 417 CAP.
1496 350 1616 418 IV.
1774 371 1907 438 259

808 588 856 645 C
943 588 1001 643 A
1084 588 1153 643 P.
1331 589 1446 645 IV.

856 747 1047 802 Bellum
1079 747 1146 800 M
1147 746 1384 821 utinerffie.

481 881 531 935 R
549 881 731 936 IMA
772 880 1022 937 civilium
1058 897 1317 935 motuum
1346 880 1500 936 causa
1529 879 1913 938 testamentum

512 960 737 1016 Caesaris
769 959 900 1024 fuit,
929 960 1087 1036 cujus
1111 959 1382 1015 secundus
1404 958 1560 1015 heres
1591 959 1907 1026 Antonius»,

354 1041 645 1117 praelatum
674 1039 770 1094 fibi
799 1026 1093 1094 Οἷὶεινὶιιιῃ
1119 1037 1331 1103 furens,
1363 1039 1708 1113 inexpiabile
1721 1055 1915 1095 contra

355 1120 725 1192 adoptionem
767 1118 1020 1173 acerrimi
1050 1119 1276 1194 juvenis
1330 1118 1634 1192 susceperat
1675 1118 1908 1174 bellum.

360 1196 597 1273 Quippe
627 1216 801 1271 quum
824 1198 971 1250 intra
991 1195 1181 1252 decem
1211 1213 1265 1251 et
1288 1196 1410 1252 οξίο
1426 1218 1602 1253 annos
1633 1213 1911 1261 tenerum,

358 1278 695 1341 obnoxium,
724 1290 778 1329 et
803 1290 1195 1348 opportunum
1227 1275 1443 1350 injuriae
1458 1278 1727 1351 juvenem
1753 1278 1915 1332 vide·

359 1371 475 1420 τας
527 1356 641 1429 ipse
671 1355 849 1428 plenae
872 1374 941 1409 ex
972 1355 1309 1415 commilitio
1339 1355 1563 1411 Caesaris
1592 1355 1910 1431 dignitatis,

361 1435 520 1495 furtis
549 1434 912 1489 hereditatem
949 1433 1208 1496 lacerare,
1265 1433 1449 1507 ipsum
1500 1433 1747 1489 inseaari
1778 1455 1913 1509 pro-

362 1515 502 1579 bris»,
531 1512 745 1573 cundis
776 1513 987 1567 artibus
1015 1512 1384 1586 adoptionem
1411 1514 1576 1584 Juliae
1608 1515 1785 1590 gentis
1823 1515 1912 1569 in—

362 1591 556 1649 hibere
587 1610 705 1649 non
733 1590 1032 1647 delineret:
1080 1590 1326 1664 denique
1354 1593 1426 1646 ad
1469 1592 1916 1668 opprimendum

353 1673 618 1763 juvenem
643 1672 827 1744 palam
853 1688 1002 1727 arma
1028 1670 1251 1725 moliri.
1300 1687 1353 1726 et
1386 1676 1504 1747 jam
1531 1688 1726 1746 parato
1756 1694 1915 1729 exer·

364 1753 478 1806 citu
501 1751 561 1805 in
594 1750 883 1823 Cisalpina
930 1749 1115 1804 Gallia
1165 1750 1492 1806 refistentem
1538 1753 1782 1807 motibus
1809 1753 1917 1807 suis

365 1830 666 1886 Decimum
713 1830 949 1884 Brutum
996 1827 1311 1885 obfidebat:
1386 1830 1654 1885 Octavius
1711 1831 1913 1895 Caesar,

368 1925 521 1966 aetate
549 1925 602 1963 et
634 1907 836 1983 injuria
864 1906 1206 1971 favorabilis}
1259 1922 1313 1962 et
1338 1910 1589 1964 nominis
1617 1911 1913 1985 majestate,
1958 1968 1963 1973 ,

369 1988 522 2079 quod
569 1988 665 2043 fibi
711 1986 993 2051 induerat,
1027 1988 1291 2042 revocatis
1320 1987 1389 2044 ad
1433 2008 1582 2043 arma
1611 1992 1909 2055 veteranis,

368 2069 619 2143 privatus
666 2064 808 2139 (quis
861 2065 1106 2120 erederet
1122 2065 1169 2137 ?)
1217 2067 1522 2123 Consulem
1571 2070 1916 2144 aggreditur.

372 2146 607 2203 Obfidio
640 2147 876 2204 Mutinae
908 2146 1107 2200 liberat
1136 2147 1397 2203 Brutum.
1469 2147 1791 2202 Antonium
1822 2170 1918 2205 ex-

369 2228 450 2280 uit
478 2226 681 2280 castris.
766 2225 919 2284 Tum
946 2223 1178 2298 quidem
1208 2228 1373 2282 etiam
1403 2245 1572 2281 manu
1583 2227 1797 2300 pulcer
1821 2248 1921 2302 ap-

372 2307 579 2379 paruit.
668 2306 818 2360 Natu
846 2319 1106 2359 cruentus
1121 2319 1174 2358 et
1202 2305 1411 2359 saucius
1437 2307 1704 2379 aquilam,
1736 2326 1767 2359 a
1795 2328 1923 2362 mo·-

371 2385 549 2439 riente
582 2382 841 2459 signifero
871 2382 1157 2448 traditam,
1214 2384 1322 2439 suis
1366 2383 1618 2440 humeris
1658 2385 1718 2440 in
1759 2386 1923 2443 castra

359 2462 661 2520 ‘referebam

850 2648 1198 2705 CAP.
1372 2652 1456 2708 V.

1567 2717 1591 2742 r

887 2807 1079 2863 Bellum
1110 2806 1411 2880 Perzfinm.

382 2902 568 3074 AL
586 2938 642 2994 T
667 2937 712 2992 E
734 2939 788 2992 R
807 2938 862 2993 U
888 2941 952 2994 M
1035 2939 1247 2994 bellum
1300 2939 1601 2996 concitavit
1664 2960 1929 3018 agrorum

558 3018 777 3084 divism,
811 3037 950 3091 quos
1001 3018 1183 3075 Caesar
1207 3020 1477 3074 veteranis
1505 3021 1567 3074 in
1590 3020 1771 3075 castris
1798 3040 1927 3094 pre-

386 3100 529 3154 tium
559 3097 774 3153 militiae
812 3097 1179 3171 persolvebat.
1266 3097 1496 3171 Semper
1519 3099 1649 3154 alias
1679 3098 1932 3154 Antonii

386 3177 674 3252 pessimum
702 3177 996 3251 ingenium
1026 3177 1241 3241 Fulvia,
1295 3177 1483 3251 gladio
1531 3178 1709 3233 cinfla
1752 3177 1933 3233 virilis

388 3257 625 3323 militiae,
656 3256 1092 3332 uxor-agitabat.
1163 3258 1316 3332 Ergo
1352 3255 1617 3332 ,depulsos
1663 3257 1805 3332 agris
1834 3275 1930 3311 co·-

1769 3337 1932 3392 Ionos
