2387 4040
466 367 595 434 2¹28
698 363 778 434 L.
845 361 1277 433 ANNAEI
1347 363 1733 433 FLORI

455 492 558 547 nisi
592 489 662 545 ad
691 490 1114 546 conciliandum
1158 491 1337 566 plebis
1366 491 1613 548 favorem
1642 491 1804 549 effusa
1855 480 2027 570 larg}-

459 572 561 637 tiO,
597 589 778 644 quum
831 569 1158 644 specstaculis·
1178 571 1458 646 indulget,
1519 572 1792 646 supplicia
1835 592 2023 646 quon-

447 649 579 705 dam
611 648 854 703 hostium
878 663 1053 703 artem
1078 647 1209 706 facit
1229 649 1255 704 Ρ
1274 652 1406 721 Jam
1435 667 1498 706 ut
1528 652 1851 726 speciosiora
1882 653 2027 706 vitia

454 744 768 804 tangamus,
800 746 994 782 nonne
1016 729 1259 783 ambitus
1290 729 1578 785 h'onorum
1604 733 1672 785 ab
1702 730 1900 785 iisdem
1929 730 2024 784 di-

450 808 603 864 vitiis
629 806 889 873 incitatus
909 806 937 860 Ξ)
989 804 1168 879 Atqui
1198 808 1331 862 inde
1360 810 1640 875 Mariana,
1674 807 1808 864 inde
1835 809 2025 866 Sulla-

454 906 529 942 na
558 885 868 962 tempestas·
956 886 1080 940 Aut
1125 889 1456 962 magnificus
1484 902 1784 963 apparatus
1824 891 2028 944 convi-

455 966 701 1030 viorum,
737 980 791 1020 et
821 964 1148 1038 sumptuosa
1174 962 1427 1042 largitio,
1446 987 1655 1022 -nonne
1685 968 1753 1022 ab
1782 969 2027 1042 opulen-

463 1045 536 1099 tia
565 1045 814 1118 paritura
839 1062 975 1098 mox
1010 1044 1297 1119 egestatem
1319 1045 1347 1100 Ρ
1400 1047 1534 1102 Hoec
1567 1046 1874 1102 Catilinam
1922 1040 2029 1121 pass

461 1125 575 1180 triae
620 1123 723 1178 suae
755 1123 1020 1197 impegit.
1109 1124 1372 1199 Denique
1401 1125 1499 1180 illa
1526 1125 1643 1200 ipsa
1669 1124 2041 1199 principatus

460 1217 516 1256 et
534 1200 872 1271 dominandi
895 1201 1129 1275 cupide,
1159 1204 1334 1269 unde,
1364 1203 1553 1259 nisiex
1582 1205 1769 1271 nimiis
1788 1207 2023 1279 opibm,

460 1278 659 1336 venit?
682 1280 865 1354 Atqui
890 1278 1003 1342 haec
1033 1280 1329 1346 Caesarem,
1356 1300 1520 1357 atque
1545 1282 1905 1358 Pompeium,
1934 1283 2026 1339 fu-

462 1361 694 1416 rialibus
734 1361 797 1415 in
824 1359 1057 1415 exitium
1113 1363 1433 1435 reipublicae
1486 1363 1704 1418 facibus
1760 1364 2018 1418 armavit.

466 1440 778 1515 Hosigitur
792 1438 1003 1513 Populi
1035 1441 1287 1494 Romani
1315 1461 1512 1496 omnes
1540 1442 1865 1498 domesticos
1899 1463 2027 1496 mo-

470 1535 578 1583 tus,
600 1519 875 1594 separatos
898 1519 965 1573 ab
981 1519 1224 1573 externis
1239 1520 1505 1595 justisque
1520 1521 1701 1588 bellis,
1731 1540 1797 1577 ex
1822 1522 2030 1577 ordine

462 1599 881 1674 prosequemur.
1666 1620 1671 1625 ·

885 1786 934 1845 C
1020 1787 1080 1843 A
1161 1789 1231 1844 P.
1407 1776 1700 1867 ΧΠῙ.,“ν

641 1939 654 1949 ”
739 1946 843 2003 Cau
866 1945 1207 2022 afidilionum
1239 1947 1497 2024 tribunicict
1518 1942 1741 2023 potssas.

588 2085 1150 2144 EDITIONUM.
1180 2085 1439 2140 omnium
1474 2084 1655 2140 causas
1696 2081 2030 2138 Tribunicio.

613 2165 1164 2243 potestasexcitavit:
1220 2185 1340 2239 quae
1368 2164 1546 2236 specie
1587 2161 1815 2237 quidem
1842 2163 2026 2237 plebis

469 2247 708 2309 tuendae,
736 2246 890 2320 cujus
912 2245 970 2297 in
994 2245 1268 2299 auxilium
1294 2255 1616 2317 comparata
1638 2240 1732 2308 est,
1760 2260 1817 2296 re
1839 2255 2026 2297 autem

463 2326 911 2383 dominationem
953 2322 1046 2379 fibi
1074 2323 1384 2397 acquirens,
1438 2315 1681 2378 studium
1726 2321 1933 2395 populi
1962 2340 2025 2375 ac

464 2405 709 2462 favorem
737 2402 988 2479 agrariiS,
1014 2401 1413 2467 frumentariis,
1439 2401 1755 2477 judiciariis
1807 2400 2051 2476 legibus

463 2481 865 2557 aucupabatur.
952 2483 1141 2538 Inerat
1167 2481 1430 2537 omnibus
1477 2478 2020 2555 species'aequitatiS.

468 2564 631 2642 Quid
655 2563 807 2619 enim
831 2561 1190 2637 tamjustum‚
1222 2580 1392 2635 quarn
1416 2562 1661 2635 recipere
1689 2561 1911 2634 plebem
1925 2560 2023 2634 jus

465 2646 624 2701 suum
651 2664 682 2699 a
703 2641 995 2718 patribus?
1020 2661 1090 2696 ne
1116 2637 1394 2716 Populus,
1423 2640 1678 2715 gentium
1702 2636 1891 2702 vietor,
1930 2657 2026 2692 or-

463 2724 654 2797 bisque
675 2721 957 2798 posseffor‚
980 2721 1217 2775 extorris
1239 2720 1346 2774 aris
1369 2739 1429 2774 ac
1451 2718 1587 2776 focis
1611 2733 1814 2795 ageret.
1862 2717 2025 2794 Quid

465 2818 577 2859 tam
627 2809 867 2875 aequum,
924 2820 1091 2875 quam
1118 2800 1353 2873 inopem
1398 2799 1698 2872 ‘Populum
1724 2797 1908 2852 vivere
1954 2816 2031 2876 εὖ

464 2881 655 2937 aerario
685 2879 782 2933 suo
802 2878 829 2934 Ρ
884 2879 1045 2954 Quid
1073 2878 1145 2934 ad
1162 2879 1256 2954 jus
1285 2878 1553 2934 libertatis
1581 2874 1858 2952 aequandae
1890 2895 2027 2931 ·ma-

371 3004 383 3016 ,
465 2961 548 3036 gis
593 2956 805 3023 efficaX,
839 2977 1024 3032 quam·
1062 2974 1145 3023 ut,
1180 2958 1369 3014 senatu
1416 2972 1640 3032 regente
1670 2956 2016 3031 provincias,

465 3037 678 3095 ordinis
708 3037 964 3111 equestris
992 3037 1281 3092 austeritas
1309 3037 1498 3092 saltem
1518 3035 1866 3110 judiciorum
1892 3055 2023 3111 ,reg-

462 3139 541 3176 no
564 3111 836 3173 niteretur
853 3117 881 3172 ?
910 3114 1016 3173 Sed
1041 3116 1155 3173 haec
1181 3117 1299 3193 ipsa
1324 3118 1383 3172 in
1408 3115 1717 3191 perniciem
1736 3114 2020 3170 redibant:

460 3216 518 3256 et
542 3199 737 3254 misera
763 3196 1075 3273 respublica
1112 3189 1182 3251 in‘
1205 3196 1438 3252 exitium
1467 3196 1626 3250 suum
1657 3214 1859 3250 merces
1884 3209 2021 3250 erat.

464 3281 613 3337 Nam
644 3293 698 3335 et
723 3299 752 3334 a
802 3278 989 3335 senatu
1016 3276 1076 3332 ‘m
1106 3276 1346 3351 equitem
1374 3272 1631 3331 transsata
1672 3274 2026 3351 judiciorum

1111 3375 1118 3380 ·
1783 3353 2021 3429 potestas
