2387 4040
634 378 1041 449 LIBER
1091 382 1146 449 Ι.
1204 380 1407 449 Car.
1457 369 1655 447 XIX.
1784 380 1912 471 169

770 615 822 673 c
905 614 969 673 A
1052 615 1124 672 P.
1303 614 1490 688 xrx.

897 779 912 786 “
937 747 1131 831 Beilum
1159 775 1407 850 Picens.-

378 898 521 1044 O
550 902 813 964 MNIS
853 922 991 962 mox
1043 905 1210 962 Italia
1250 925 1448 982 pacem
1493 903 1717 982 hab'uit.
1806 910 1929 988 Qui

569 987 722 1042 enim
775 983 899 1060 post
936 985 1252 1041 Tarentum
1294 985 1606 1047 auderent?
1647 986 1748 1042 nifi
1776 988 1933 1063 quod

353 1066 506 1120 ultro
536 1065 797 1142 persequi
821 1064 1000 1121 socios
1030 1062 1275 1121 hostium
1295 1066 1533 1140 placuit.
1590 1067 1814 1124 Domiti
1844 1087 1932 1124 er-

358 1163 433 1220 go
461 1145 743 1211 Picentes,
775 1158 832 1200 et
860 1159 1034 1220 caput
1057 1144 1237 1220 gentis
1264 1145 1561 1213 Asculum,
1591 1145 1932 1222 Sempronio

353 1222 537 1281 duce:
585 1224 709 1299 qui,
757 1239 1029 1281 tremente
1059 1225 1212 1281 inter
1250 1225 1510 1302 praelium
1541 1246 1764 1305 eampo.
1793 1227 1931 1286 Tel-

357 1303 546 1361 lurem
574 1303 784 1371 Deam}
817 1302 1084 1381 promiffa
1111 1303 1250 1374 aede,
1288 1306 1558 1381 placavit.

711 1487 1163 1549 ·cA1›.
1290 1456 1488 1547 xx.

863 1647 1057 1707 Bonum
1082 1647 1427 1708 Sallentinum.
1490 1731 1507 1736 ι

471 1788 553 1861 ⁶A
571 1787 680 1845 LL
696 1790 742 1845 E
754 1780 883 1846 ΝΤ
895 1789 925 1843 Ῑ
940 1789 998 1846 Ν
1012 1789 1042 1843 Ῑ
1071 1787 1392 1846 Picentibus
1418 1787 1621 1855 additi,
1658 1807 1935 1867 caputque

399 1909 416 1916 -
518 1869 762 1947 regionis
817 1867 1192 1925 Brundusium
1240 1869 1458 1948 inclyto
1487 1884 1680 1944 portu,
1739 1873 1936 1928 Marco

366 1952 555 2009 Atilio
584 1949 750 2004 duce.
842 1950 915 2004 Et
940 1950 1004 2004 in
1033 1946 1144 2005 hoc
1168 1950 1494 2014 certamine,
1529 1947 1773 2005 vistoriae
1802 1955 1933 2025 pr'e-

363 2033 510 2088 tium
529 2031 820 2107 ‘templum
837 2028 943 2086 fibi
963 2028 1205 2105 pastoria
1234 2029 1390 2086 Pales
1422 2031 1573 2085 ultro
1599 2029 1880 2105 poposcit.

660 2201 664 2205 ’
799 2216 850 2275 c
933 2215 997 2273 A
1076 2216 1145 2272 P.
1322 2215 1503 2274 xx1.

883 2376 1077 2434 Bellum
1091 2373 1413 2465 ’Volsinieqffi

496 2507 553 2566 Ο
571 2507 674 2566 ST
689 2507 744 2563 R
759 2506 881 2563 EM
895 2509 923 2562 I
953 2506 1283 2563 Italicorum
1306 2508 1369 2565 in
1390 2506 1561 2565 fidem
1582 2527 1783 2564 venere
1804 2509 1939 2565 Vol-

523 2588 671 2653 surii,
706 2584 1111 2661 opulentissimi
1141 2587 1529 2652 Etruscorum,
1575 2587 1942 2661 implorantes

371 2689 545 2747 opem
573 2667 830 2722 adversus
859 2666 1038 2722 servos
1060 2666 1351 2740 quondam
1384 2666 1543 2723 suos:
1589 2667 1688 2740 qui
1713 2668 1940 2721 liberta·

369 2767 486 2808 tem
510 2768 541 2802 a
568 2746 819 2802 dominis
851 2746 1061 2810 datam,
1094 2745 1159 2801 in
1188 2746 1338 2821 ipsos
1370 2745 1738 2802 exercebant:
1789 2760 1941 2802 tran·

371 2831 611 2903 ssataque
649 2827 710 2881 in
743 2826 793 2881 se
825 2825 1139 2900 Republica
1186 2824 1653 2882 dominabantur.
1739 2823 1848 2882 Sed
1877 2821 1939 2880 hi

367 2926 617 2986 quoque,
643 2905 784 2964 duce
816 2907 988 2962 Fabio
1018 2904 1281 2984 Gurgite,
1312 2925 1504 2982 poenas
1532 2903 1834 2962 dederunt.

1148 3388 1196 3445 P
1740 3386 1956 3446 CAP
