2387 4040
473 370 610 444 154
809 355 896 424 L.
952 350 1382 427 ANNAEI
1439 353 1822 426 ELORJ

466 485 592 552 scit,
621 499 686 542 ut
712 486 874 544 ferox
899 489 1154 563 Populus
1184 488 1441 545 Deorum
1466 505 1617 544 metu
1646 490 2025 565 mitigaretur.

467 566 630 641 Quid
647 566 745 623 ille
765 568 980 626 militiae
995 567 1195 624 artifex
1206 569 1412 625 Tullus
1430 568 1457 624 P
1471 569 1848 626 Bellatoribus
1871 571 2033 627 Viris

463 664 636 721 quam
647 644 1070 715 neceffariusmt
1086 663 1305 704 acueret
1322 650 1539 705 ratione
1552 649 1853 708 virtutem?
1869 651 2031 729 Quid

463 725 771 784 aedificamr
795 727 1037 785 Ancus?
1067 742 1129 783 ut
1159 729 1379 786 Urbem
1401 730 1629 785 colonia
1650 730 2026 786 extenderet?
2097 730 2109 736 ⁶

464 820 642 882 ponte
661 808 972 885 jungeret?
1013 829 1181 865 muro
1213 809 1504 865 tueretur?
1537 814 1667 884 Jam
1708 831 1843 866 vero
1885 811 2032 884 'Lar-

462 886 649 960 quinii
679 904 1012 948 ornamenta
1051 902 1105 944 et
1145 889 1404 965 infignia,
1451 906 1719 965 quantam
1771 891 2031 965 Principi

464 965 696 1041 Populo
728 969 1090 1025 addiderunt·
1105 989 1175 1025 ex
1218 969 1341 1044 ipso
1369 968 1593 1027 ‚habitu
1645 970 2033 1049 dignitatem?

462 1046 641 1104 Astus
668 1070 702 1104 a
727 1048 920 1105 Servio
955 1050 1170 1105 Census
1211 1049 1348 1123 quid
1375 1049 1585 1118 effecit,
1616 1053 1717 1107 nifi
1746 1067 1808 1108 ut
1834 1050 1955 1126 ipsa
1985 1051 2035 1106 se

463 1124 644 1182 noffet
670 1127 1009 1202 Respublica
1027 1128 1054 1183 Ρ
1082 1129 1368 1186 Postremo
1380 1130 1621 1205 Superbi
1636 1131 1788 1187 illius
1816 1132 2036 1205 impor-

463 1218 603 1259 tuna
621 1204 942 1262 dominatio
968 1209 1275 1273 nonnihil,
1293 1211 1409 1267 in'10
1438 1211 1527 1266 vel
1556 1212 1875 1286 plurimum
1897 1230 2034 1283 pro-

417 1282 436 1296 '
462 1282 605 1348 fuit3
654 1285 745 1342 Sic
775 1286 929 1343 enim
971 1285 1224 1343 effectum
1273 1288 1368 1354 est,
1413 1304 1478 1345 ut
1522 1292 1764 1367 agitatus
1810 1289 2036 1366 injuriis

461 1362 748 1440 Populus,
780 1365 1092 1444 cupiditate
1122 1368 1396 1426 libertatis
1423 1369 1846 1428 incenderetur.

1113 1473 1140 1503 Χ

909 1538 959 1615 c
1043 1554 1106 1612 A
1156 1546 1259 1613 Ῥ.
1436 1557 1558 1612 lx.

872 1716 959 1772 De
986 1716 1252 1772 mutatione
1289 1705 1612 1792 Reipublicae.

553 1846 613 1905 G
634 1845 817 1906 ITU
841 1850 898 1905 R
982 1852 1160 1908 Bruto
1220 1849 1651 1924 Collatinoque,
1702 1849 1946 1908 ducibus
1987 1867 2041 1908 et

593 1929 935 1997 auctoribus,
965 1931 1170 2005 quibus
1201 1930 1479 1985 ultionem
1513 1930 1595 1985 sui
1640 1931 1888 1988 moriens
1919 1951 2039 1988 ma·

471 2027 638 2070 trona
665 2010 1047 2077 mandaverat,
1097 2010 1353 2085 Populus
1396 2009 1701 2066 Romanus·
1739 2010 1812 2067 ad
1847 2011 2040 2070 vindi-

471 2092 718 2150 candum
758 2091 1055 2157 libertatis»,
1101 2109 1164 2144 ac
1206 2088 1491 2165 pudicitiae
1541 2088 1730 2157 decus,
1788 2092 2042 2166 quodam

474 2172 625 2248 quali
643 2170 906 2229 instindlu
928 2170 1182 2227 Deorum
1211 2170 1546 2236 concitatus,
1564 2172 1780 2246 Regem
1802 2186 2039 2247 repente

467 2250 747 2319 destituit,
770 2253 920 2309 bona
940 2250 1169 2327 diripit,
1197 2270 1393 2327 agrum
1421 2249 1591 2305 Marti
1609 2249 1709 2305 suo
1728 2252 2035 2317 consecrat,

469 2332 784 2407 imperium
813 2333 879 2387 in
906 2331 1131 2388 eosdem
1153 2331 1425 2386 libertatis
1449 2329 1555 2388 suae
1581 2330 1833 2387 vindices
1863 2330 2039 2389 trans-

476 2409 605 2476 fert,
637 2425 855 2468 mutato
886 2427 1074 2467 tamen
1103 2424 1157 2464 et
1181 2411 1416 2471 nomine
1447 2425 1500 2464 et
1539 2411 1691 2487 jure,
1724 2413 1942 2487 quippe
1968 2432 2043 2468 ex

472 2504 750 2566 perpetuo
782 2510 1036 2547 annuum
1064 2490 1301 2564 placuit,
1348 2509 1416 2543 ex
1460 2490 1723 2566 singulari
1777 2492 2031 2568 duplex:

469 2591 543 2628 ne
571 2568 807 2647 potestas
835 2570 1159 2634 solitudine,
1207 2572 1295 2627 vel
1344 2590 1503 2625 mom
1548 2580 2033 2646 corrumpetetur.

472 2650 801 2727 Corficlesque
829 2652 1136 2727 appellavit
1164 2670 1270 2725 pro
1299 2649 1545 2727 regibuS,
1576 2665 1639 2704 ut
1667 2653 1956 2708 consulere
1986 2653 2039 2707 se
2112 2724 2127 2729 ἱ

470 2735 689 2790 civibus
719 2732 826 2789 suis
853 2733 1056 2789 debere
1086 2731 1488 2787 meminissent.
1543 2729 1911 2807 Tantumque
1966 2732 2041 2786 li-

471 2815 699 2875 bertatis
727 2832 886 2869 novae
931 2809 1204 2888 gaudium
1252 2808 1556 2875 incefferat'‚
1606 2825 1669 2866 ut
1710 2811 1807 2867 vix
1838 2811 2045 2866 mutati

467 2891 639 2948 status
669 2891 841 2947 fidem
870 2905 1156 2967 caperent,
1188 2890 1535 2963 alteiumque
1558 2911 1631 2944 ex
1654 2884 2039 2957 Consulibus}
2058 2900 2073 2911 “

471 2987 693 3028 tantum
722 2972 798 3026 ob
823 2991 1033 3028 nomen
1052 2986 1107 3026 et
1131 2990 1308 3048 genus
1334 2970 1574 3047 regium,
1609 2968 1845 3029 fascibus
1874 2973 2042 3027 abro-

473 3052 613 3128 gatis
641 3053 800 3117 Urbe
828 3052 1201 3108 dimitterent.
1279 3053 1474 3124 Itaque
1505 3050 1828 3107 substitutus
1863 3053 2043 3107 Vale-

473 3133 588 3188 rius
631 3132 930 3189 Publicola
957 3153 1027 3189 ex
1071 3132 1287 3187 summo
1331 3130 1513 3186 studio
1562 3126 1806 3189 aimixus
1864 3131 1936 3186 est
1972 3130 2065 3185 ad·

477 3212 792 3290 augendam
819 3214 981 3269 liberi
1010 3213 1221 3287 Populi
1244 3210 1601 3286 majestatem.
1674 3212 1823 3267 Nam
1854 3226 1907 3266 et
1937 3210 2044 3265 fas-

481 3312 567 3351 ces
595 3295 646 3351 ei
677 3313 782 3372 pro
809 3295 1089 3351 concione
1116 3289 1388 3356 submifit,
1420 3304 1474 3345 et
1492 3292 1587 3366 jus
1618 3291 2043 3369 provocationis

1680 3436 1687 3441 ,
1778 3370 2037 3436 adversus
2063 3407 2076 3437 ,
