2387 4040
585 391 986 487 LIBER
1044 388 1162 458 IV.
1235 390 1436 457 CAJ‘.
1474 389 1639 457 XII.
1782 411 1909 484 ‘²7¹

260 549 270 559 -
359 516 456 572 tris
475 519 570 593 jus
618 517 857 582 dicebat,
909 517 1056 590 quali
1108 518 1438 572 violentiam
1468 518 1837 572 barbarorum
1863 533 1918 573 et

362 596 798 673 licioris‘virgis,
848 610 901 651 et
947 597 1221 671 praeconis
1251 615 1381 651 voce
1424 595 1600 670 poffet
1626 593 1916 652 inhibere:

358 690 412 731 at
446 677 554 741 illi,
587 675 688 750 qui
720 678 839 752 jam
896 674 1121 749 pridem
1174 676 1437 750 rubigine
1499 675 1703 730 oblitos
1745 675 1919 741 enses,

364 755 677 828 inertesque
704 770 1000 829 quererent
1028 774 1223 828 eqnoe,
1282 768 1344 809 ut
1383 755 1631 829 primum
1661 767 1838 829 togas,
1870 768 1926 810 et

361 833 581 889 saeviora
618 836 787 890 a'rmis
807 837 939 909 jura
963 834 1250 898 viderunt,
1309 833 1450 889 duce
1478 834 1745 889 Arminio
1773 853 1926 890 arma

360 913 700 986 corripiunt,
733 933 908 987 quum
958 914 1182 968 interim
1232 928 1381 968 tanta
1428 927 1544 967 erat
1581 914 1726 968 Varo
1773 914 1925 986 pacis

298 989 303 994 ’
363 991 593 1054 fiducia,
627 1008 690 1047 ut
730 1012 800 1047 ne
842 991 1096 1066 praedicia
1138 991 1397 1066 quidem,
1450 1006 1503 1047 et
1549 986 1778 1066 prodita
1821 1012 1929 1066 per.

360 1070 631 1147 Segestem
660 1091 837 1126 unum
868 1072 1190 1146 principum
1221 1071 1612 1146 conjuratione
1665 1089 1922 1128 commo-

281 1156 286 1163 ’
361 1165 606 1207 veretur.
678 1151 874 1224 Itaque
898 1150 1308 1224 improvidum,
1343 1164 1395 1204 et
1426 1148 1575 1204 nihil
1607 1151 1714 1204 tale
1739 1165 1923 1208 metu-

363 1246 550 1284 entem
579 1229 884 1305 improxgiso
924 1229 1130 1294 adorti,
1170 1249 1348 1303 quum
1389 1229 1505 1295 ille,
1567 1227 1922 1301 (o‘seeuritas)

367 1309 437 1363 ad
470 1309 713 1364 tribunal
741 1309 955 1372 citaret,
1006 1309 1259 1380 undique
1306 1306 1607 1373 invadunt,
1640 1310 1808 1369 castra
1838 1322 1924 1364 ra-

365 1387 556 1460 piunt,
606 1404 710 1443 tres
735 1388 981 1464 legiones
1010 1389 1440 1461 opprimuntur.
1530 1389 1703 1443 Varus
1732 1387 1925 1463 perdi-

372 1481 448 1521 tas
479 1488 561 1522 res
592 1466 814 1533 eodem,
861 1486 976 1541 quo
1027 1465 1381 1521 Cannensem
1411 1465 1562 1522 diem
1613 1468 1841 1531 PauluS,
1873 1481 1927 1521 et

372 1545 488 1600 fato
517 1547 589 1601 est
635 1561 689 1600 et
716 1548 908 1601 animo
957 1545 1239 1618 sequutus.
1329 1543 1493 1600 Nihil
1525 1546 1624 1600 illa
1650 1547 1796 1603 caede
1828 1565 1931 1619 per

370 1626 625 1699 paludeS,
660 1643 869 1699 perque
899 1624 1051 1680 fulvas
1091 1624 1405 1678 cruentius:
1460 1624 1606 1680 nihil
1650 1625 1929 1680 insultati-

374 1724 482 1758 one
515 1706 876 1761 barbarorum
905 1704 1320 1762 intolerantius,
1354 1704 1629 1777 praecipue
1654 1721 1839 1779 tamen
1867 1707 1929 1759 in

277 1820 298 1834 ..
370 1783 655 1839 causarum
707 1799 997 1857 patronos.
1084 1782 1236 1837 Aliis
1286 1782 1503 1846 oculo‘s,
1562 1785 1680 1839 aliis
1730 1804 1927 1838 manus

372 1865 770 1936 amputabant:
818 1863 985 1918 unius
1010 1882 1069 1917 os
1098 1861 1304 1927 sutum,
1336 1861 1502 1917 recisa
1532 1865 1686 1935 prius
1705 1865 1924 1938 lingua,

373 1961 539 2015 quam
573 1942 634 1996 in
684 1962 853 1998 manu
885 1958 1075 1997 tenens
1104 1941 1392 2004 barbaruS,
1432 1938 1679 2008 Tandem,
1716 1943 1926 2015 inquit,

370 2024 562 2094 vipera,
580 2018 789 2091 sibilare
814 2018 1000 2092 dqsste.
1089 2022 1268 2096 Ipfius
1296 2040 1521 2095 quoque
1538 2023 1780 2077 consulis
1805 2042 1930 2077 cor·

373 2119 502 2175 puS,
560 2100 714 2175 quod
744 2102 987 2157 militum
1022 2101 1196 2175 pietas
1238 2100 1401 2155 humi
1427 2101 1739 2165 abdiderat,
1771 2099 1932 2156 effos-
1994 2143 2001 2150 .

377 2180 520 2235 sum.
605 2180 776 2257 Signa
824 2195 879 2235 et
928 2181 1111 2253 aquila
1137 2179 1275 2234 duas
1302 2178 1483 2234 adhuc
1513 2181 1730 2237 barbari
1761 2178 1933 2255 poffi-

379 2258 539 2316 dent.
626 2260 877 2315 Tertiam
911 2258 1133 2334 [ignifer
1177 2259 1356 2332 prius,
1411 2277 1577 2331 quam
1630 2262 1689 2314 in
1735 2277 1933 2314 manus

375 2337 620 2394 hostium
655 2340 891 2403 veniret,
936 2337 1146 2403 evulfit,
1202 2337 1545 2412 mersamque
1593 2339 1739 2393 intra
1764 2338 1935 2394 baltei

377 2417 461 2473 sui
511 2419 743 2473 latebras
776 2436 992 2493 gerenS,
1039 2419 1101 2473 in
1129 2431 1358 2471 cruenta
1388 2417 1594 2490 palude
1625 2418 1690 2474 fic
1744 2419 1929 2473 latuit.

384 2499 508 2553 Hac
531 2497 689 2552 clade
719 2496 946 2575 saelum,
971 2513 1035 2552 ut
1084 2496 1409 2570 imperium,
1440 2497 1595 2570 quod
1628 2499 1690 2552 in
1743 2498 1934 2553 littore

301 2609 306 2616 ·
382 2576 599 2633 Oceani
627 2595 746 2631 non
775 2576 1009 2642 steterat,
1045 2577 1106 2631 in
1132 2577 1254 2649 ripa
1282 2574 1527 2630 fluminis
1554 2577 1730 2631 staret.
1803 2577 1938 2633 Haec

378 2655 449 2711 ad
478 2656 955 2729 Septentrionem.
1038 2654 1151 2712 Sub
1181 2653 1505 2709 Meridiano
1537 2658 1939 2711 tumultuatum

380 2735 579 2809 magiS,
634 2755 802 2809 quam
858 2734 1126 2790 bellatum
1188 2732 1282 2787 est.
1371 2734 1719 2790 Musulanios
1776 2750 1941 2810 atque

382 2814 633 2870 Gaetulos
674 2815 885 2871 accolas
937 2811 1208 2890 Syrtium,
1268 2811 1437 2869 Coffo
1488 2812 1652 2880 duce,
1685 2814 1939 2889 compes-

379 2895 528 2949 cuit:
576 2893 729 2947 unde
758 2891 845 2950 illi
881 2891 1112 2948 Gaelulici
1154 2911 1386 2948 nomen.
1487 2893 1680 2949 Latius
1708 2892 1943 2958 νίἆὶοτίι

379 2986 556 3046 patet.
645 2970 1016 3027 Marmaridas
1067 2987 1231 3046 atque
1285 2972 1650 3028 Garamantas
1696 2974 1941 3030 Curinio

382 3050 725 3126 subigendos
755 3050 932 3106 dedit.
1021 3051 1218 3107 Potuit
1268 3067 1321 3107 et
1350 3053 1446 3107 ille
1475 3051 1653 3106 redire
1707 3054 1946 3109 Marma-

383 3129 535 3193 ricus,
595 3129 686 3185 sed
741 3128 1039 3185 modestior
1077 3130 1137 3184 in
1189 3130 1504 3187 aestimanda
1548 3130 1776 3188 vidioria
1808 3130 1940 3188 fuit.

385 3207 488 3264 Ad
537 3207 838 3265 Orientem
863 3229 870 3238 ·
883 3209 1013 3283 plus
1069 3211 1283 3286 negotii
1322 3232 1447 3268 nim
1494 3211 1785 3267 Armeniis
1836 3209 1950 3267 huc

387 3288 621 3344 alterurn
648 3307 719 3345 ex
761 3288 1070 3350 Caesaribus
1099 3292 1407 3365 nepotibus
1446 3291 1553 3350 suis
1586 3291 1753 3349 milit.
1803 3291 1949 3347 Am-

1876 3370 1952 3425 bo
