2387 4040
448 379 530 445 16
636 372 707 441 c.
768 372 1166 446 CRISPI
1211 373 1884 461 SALLUSTJI,
1967 464 1992 483 Ι

450 501 873 568 existumabant,
906 504 973 557 ab
1001 504 1073 561 iis
1098 506 1197 577 qui
1227 504 1523 561 Ciceronis
1553 504 1851 569 invidiam,
1884 523 2006 577 quae

452 580 637 655 postea
674 598 794 636 orta
820 582 914 646 est,
968 582 1132 639 leniri
1156 585 1455 640 credebant
1481 581 1768 639 atrocitate
1795 584 2004 639 sceleris

452 678 670 725 eorum,
720 663 817 734 qui
860 681 1047 735 poenas
1087 661 1382 719 dederant.
1472 664 1654 719 Nobis
1683 683 1745 717 ea
1773 682 1856 717 res
1899 680 2008 736 pro

451 740 840 814 magnitudine
868 760 1070 815 parum
1097 758 1381 818 comperta
1408 742 1502 797 est.

542 899 785 958 XXIV.
814 901 919 957 Sed
942 902 1003 957 in
1026 922 1087 958 ea
1106 902 1496 977 conjuratione
1519 900 1626 957 fuit
1656 905 1740 976 Q.
1773 900 2004 966 Curius,

454 992 614 1032 natus
648 978 799 1036 haud
830 982 1063 1036 obscuro
1093 982 1240 1045 loce,
1277 980 1500 1055 flagitiis
1549 996 1713 1055 atque
1739 980 2007 1035 facinori-

370 1082 373 1085 ·
455 1059 560 1111 bus
583 1076 910 1132 coopertus,
938 1078 1104 1133 quem
1129 1059 1398 1115 Censores
1427 1060 1628 1117 Senatu
1658 1060 1852 1134 probri
1883 1080 2008 1134 gra-

458 1136 535 1190 tia
562 1152 903 1193 amoverant.
995 1140 1145 1193 Huic
1175 1137 1403 1193 homini
1431 1158 1551 1195 non
1581 1140 1770 1193 minor
1796 1142 2010 1193 vanitas

460 1216 658 1279 inerat,
688 1236 857 1289 quam
886 1217 1144 1283 audacia3
1180 1238 1357 1291 neque
1385 1221 1636 1283 reticere,
1669 1237 1788 1291 quae
1817 1218 2011 1273 audie-

458 1307 564 1359 rat,
598 1314 774 1368 neque
814 1297 1020 1351 suamet
1048 1298 1164 1370 ipse
1199 1296 1394 1352 scelera
1422 1298 1730 1361 occultare3
1828 1296 2014 1352 rorsus

459 1392 638 1445 neque
666 1374 869 1440 dicere,
903 1396 1081 1450 neque
1105 1376 1300 1441 facere,
1333 1373 1642 1450 quidquam
1668 1394 1779 1449 pen
1803 1396 1818 1429 1
1841 1373 2013 1429 habe·
2081 1401 2086 1405 ·

462 1453 576 1505 bat.
667 1456 797 1509 Erat
826 1456 875 1510 ei
906 1475 1031 1509 cum
1065 1456 1282 1523 Fulvia,
1336 1455 1569 1511 muliere
1599 1454 1805 1520 nobili,
1839 1452 2015 1529 stupri

461 1545 617 1587 vetus
664 1532 1036 1589 consuetudo·
1023 1559 1037 1599 3
1094 1535 1183 1589 cui
1213 1555 1338 1589 cum
1387 1534 1575 1589 minu's
1628 1546 1812 1608 gratus
1859 1532 2009 1596 effet,

462 1612 659 1683 quod
646 1614 844 1701 inopia
872 1614 1059 1668 minus
1105 1612 1296 1687 largiri
1325 1612 1577 1686 poterat·
1567 1655 1580 1678 ,
1635 1626 1861 1702 repente
1893 1612 2016 1687 glo-

463 1690 633 1754 rians,
666 1692 867 1765 maria,
885 1691 1149 1766 montqsque'
1172 1691 1396 1763 polliceri
1435 1693 1625 1766 coepit,
1655 1690 1837 1746 minari
1861 1691 2017 1745 inter-

463 1764 749 1835 dumferro,
770 1772 825 1823 ni
847 1790 865 1823 ι
887 1767 1280 1841 ohnoxiaforett
1309 1770 1611 1845 postremo,
1637 1768 1870 1826 ferocius
1898 1770 2017 1845 agi-

468 1861 602 1912 tare,
653 1867 823 1920 quam
871 1849 1060 1906 solitus
1097 1864 1232 1906 er-at
1324 1849 1406 1903 At
1447 1847 1664 1914 Fulvia,
1709 1847 2017 1904 insolentia:

455 1924 632 1980 'Curii
677 1926 851 1983 cauffa
878 1929 1123 2003 cognita,
1158 1930 1265 1984 tale
1311 1927 1626 2003 periculum
1672 1927 2020 2001 Reipublicae

408 2020 412 2030 ·
468 2004 621 2060 hatid
670 2008 951 2064 occultum
981 2008 1208 2073 habuit3
1264 2006 1379 2072 sed,
1414 2006 1626 2062 sublato
1675 2006 1917 2072 auclore,
1951 2005 2021 2063 de

473 2084 730 2141 Catilinae
760 2090 1165 2162 conjuratione,
1209 2107 1329 2161 quae
1356 2105 1578 2160 quoque
1626 2086 1801 2141 modo
1829 2086 2021 2141 audie-

472 2180 575 2229 rat,
611 2167 996 2240 compluribus
1024 2169 1288 2224 narravit.
1382 2168 1460 2222 Ea
1483 2185 1564 2220 res
1591 2165 1652 2219 in
1683 2165 1880 2240 p‘rimis
1911 2165 2018 2220 stu-

472 2245 563 2298 dia
592 2244 892 2302 hominu'm
940 2247 1188 2302 accendit
1217 2247 1285 2303 ad
1338 2245 1709 2300 Consulatum
1751 2244 2023 2299 mandan-

474 2325 726 2378 dum-M.
758 2325 955 2380 Tullio
988 2316 1273 2381 Ciceroni.
1361 2325 1616 2396 Namque
1659 2339 1816 2382 antea
1843 2325 2022 2398 plera-

474 2424 581 2475 que
606 2404 865 2458 nobilitas
882 2405 1092 2459 invid'ia
1117 2404 1389 2467 aestuabat‚
1412 2417 1464 2455 ct
1489 2403 1635 2475 quali
1654 2403 1837 2477 pollui
1863 2404 2022 2459 Con-

476 2483 715 2536 sulatum
744 2483 1060 2546 credebant‚
1094 2485 1128 2538 si
1158 2503 1309 2546 eum,
1353 2481 1603 2554 quamvis
1637 2483 1888 2558 egregius
1918 2480 2024 2534 ho-

478 2582 571 2616 mo
601 2581 779 2617 novus
809 2562 1043 2637 adeptus
1074 2562 1238 2616 foret.
1299 2561 1426 2626 Sed,
1458 2561 1555 2615 ubi
1583 2562 1896 2637 periculum
1925 2560 2025 2615 ad-

476 2643 652 2707 venit,
677 2641 913 2706 invidia,
946 2657 1107 2714 atque
1133 2641 1389 2715 superbia
1417 2640 1540 2714 post
1567 2639 1744 2694 fuere.

565 2801 774 2858 XXV.
826 2801 1030 2876 Igitur,
1064 2800 1308 2855 comitiis
1360 2797 1583 2862 habitis,
1623 2796 1896 2853 Consules
1927 2797 2025 2852 de-

481 2882 755 2936 clarantur
807 2882 891 2935 M.
938 2879 1189 2943 Tullius,
1234 2895 1287 2932 et
1321 2878 1390 2930 (3.
1445 2876 1758 2931 Antonius.
1847 2877 2029 2951 Quod

482 2957 685 3015 fastum
711 2959 900 3034 primo
926 2960 1226 3033 populares
1251 2956 1648 3031 conjurationis
1665 2954 2024 3009 concusserat.

484 3042 678 3110 Neque
708 3057 893 3095 tamen
941 3037 1202 3092 Catilinae
1232 3036 1389 3089 iux-or
1419 3035 1809 3097 minuebatur3
1847 3032 1982 3088 sed
1970 3056 2030 3088 m
2091 3038 2102 3050 ’

484 3119 601 3172 dies
630 3119 795 3190 plura
823 3118 1060 3193 agitare3
1096 3135 1246 3170 arma
1275 3133 1375 3186 per
1398 3112 1618 3167 ltaliam
1651 3111 1787 3166 locis
1811 3131 2029 3186 oppor-

486 3196 635 3250 tunis
666 3218 891 3272 parare3
952 3193 1272 3267 pecuniam,
1309 3192 1422 3254 sua,
1459 3206 1551 3244 aut
1579 3192 1890 3246 amicorum
1923 3191 2033 3245 fide

485 3277 719 3331 lumtam
746 3291 1021 3339 mutuam,
1056 3271 1284 3327 Faesulas
1311 3270 1381 3324 ad
1425 3269 1706 3326 Manlium
1731 3270 2032 3344 quemdam

1771 3362 2024 3422 portare·
2013 3389 2028 3413 ,
