2387 4040
471 355 1018 432 ²B=E‘LI;UM
1047 359 1721 460 ‘JUGURTH.·
1794 386 1933 451 ¹⁰5

371 490 752 557 staminas,
789 491 1150 566 tribunosque
1167 491 1453 559 militarie,
1485 508 1539 549 ct
1564 491 1753 567 ipsum
1786 509 1983 580 pra-.-

369 569 578 630 Εεᾶιιιιι
599 571 803 646 oppidi
821 573 902 629 T
928 571 1265 646 Turpilium
1285 571 1565 665 Silanum,
1589 573 1745 628 alius
1757 553 1983 628 alium

370 648 576 704 domos
626 651 746 707 suas
790 652 1068 710 invitant·
1116 672 1210 708 eos
1241 653 1452 717 omnis,
1465 656 1683 726 lpraeter
1709 650 1935 726 Turpi·

370 727 535 793 lium,
563 730 714 787 mter
732 732 934 823 epulas
961 734 1334 792 obtruncant:
1383 732 1570 806 postea
1598 733 1805 788 milites
1826 750 1931 804 pa-

371 808 609 876 Ιειιιιείε,
594 813 845 878 inermis,
874 813 1091 888 quippe
1117 811 1303 870 hastan
1326 811 1445 877 die,
1474 832 1534 868 ac
1548 810 1708 870 fine
1693 810 1934 883 imperio

367 887 809 964 adgrediuntur.
895 891 1059 947 Idem
1112 893 1304 965 plebes
1350 891 1507 956 facit,
1569 910 1702 981 pars
1751 887 1934 945 edocti

369 970 437 1022 ab
466 970 788 1036 nobilitate,
843 971 939 1028 alii
986 970 1169 1026 studio
1221 972 1420 1034 talium
1468 990 1659 1028 rerum
1686 967 1931 1033 incitati,

369 1047 493 1121 quis
549 1049 687 1114 acia,
761 1051 1164 1126 consiliumque
1214 1051 1609 1127 ignorantibus
1657 1048 1932 1105 tumultus

369 1127 508 1202 ipse,
539 1143 595 1185 et
621 1149 708 1186 res
738 1149 894 1188 novae
921 1131 1048 1188 satis
1074 1132 1396 1207 placebant.

453 1289 685 1345 LXXI.
719 1291 968 1348 Romani
1009 1294 1239 1358 milites,
1287 1291 1581 1368 inproviso
1627 1306 1803 1357 metu,
1835 1291 1928 1346 in-

370 1371 505 1426 certi
535 1368 852 1446 iguarique,
886 1372 1026 1445 quid
1051 1372 1419 1445 potissumum
1443 1371 1716 1435 facerent,
1754 1370 1931 1445 trepi-

368 1448 500 1505 dare
526 1449 602 1505 ad
646 1470 828 1506 arcem
870 1451 1100 1526 oppidi,
1132 1453 1234 1509 ubi
1262 1451 1435 1527 ligna,
1469 1461 1523 1506 et
1553 1450 1703 1507 scuta
1728 1464 1922 1506 erant:

368 1528 687 1603 praefidium
712 1529 980 1597 hostium,
1009 1547 1186 1606 portae
1211 1546 1338 1586 ante
1365 1528 1554 1586 clausae
1579 1527 1775 1605 fugam
1795 1546 1933 1602 pro-

366 1606 669 1666 hibebant:
731 1609 803 1666 ad
854 1609 963 1667 hoc
993 1610 1257 1668 mulieres
1304 1610 1579 1702 puerique
1634 1629 1746 1686 pro
1775 1606 1932 1665 testis

369 1687 737 1748 aedificiorum
764 1690 913 1756 saxa,
946 1705 1001 1746 et
1053 1690 1184 1759 alia,
1245 1697 1367 1765 quae‘
1421 1690 1576 1750 locus
1617 1690 1924 1767 praebebat,

362 1770 624 1828 certatim
645 1769 887 1825 mittere.
937 1771 1025 1832 Ita
1046 1791 1229 1846 neque
1254 1772 1429 1828 caveri
1456 1791 1658 1861 anceps
1686 1772 1931 1836 malum,

369 1868 550 1922 neque
563 1868 594 1904 a
608 1846 933 1905 fortissumis
945 1850 1346 1908 infirmiffumo
1362 1853 1552 1927 generi
1568 1851 1731 1908 resisti
1746 1848 1931 1924 poffe:

361 1929 527 2004 juxta
552 1928 714 1993 boni,
754 1931 1030 2003 mahque,
1081 1929 1310 1996 strenui
1365 1946 1455 1985 et
1471 1930 1716 1988 imbelles
1760 1928 1935 1988 inulti

372 2007 714 2065 obtruncati.
804 2010 878 2066 In
926 2030 989 2067 ca
1046 2026 1198 2068 tanta
1246 2009 1556 2085 asperitate,
1614 2008 1933 2067 saeviffumis

372 2087 667 2151 Numidis,
726 2102 780 2144 et
827 2089 1047 2163 oppido
1086 2091 1339 2163 undique
1370 2090 1577 2155 clauso,
1632 2088 1933 2163 Turpilius

371 2165 656 2242 praefeRus
684 2187 830 2224 unus
855 2188 925 2225 ex
952 2171 1217 2225 omnibus
1239 2168 1449 2225 Italicis
1472 2167 1727 2244 profugit
1754 2171 1933 2224 intac-

373 2262 490 2302 tus:
524 2245 583 2300 id
612 2246 988 2305 misericordia
1032 2269 1102 2303 ne
1150 2247 1412 2322 hospitis,
1444 2267 1515 2304 an
1542 2247 1827 2322 pactione,
1860 2265 1952 2316 an,

374 2325 499 2383 casu
527 2327 603 2382 ita
629 2328 894 2392 evenerit,
949 2346 1153 2419 parum
1201 2328 1612 2404 comperimus.
1660 2327 1759 2383 nifi
1803 2326 1937 2401 quia

372 2406 501 2462 illi
485 2427 547 2462 m
574 2421 728 2464 tanto
756 2408 929 2472 malo,
965 2411 1147 2484 turpis
1172 2410 1288 2467 vita
1310 2410 1535 2485 integra
1559 2405 1707 2467 fama
1739 2408 1935 2484 potior

370 2484 503 2551 fuit,
537 2488 814 2563 inprobus
844 2488 1279 2564 intestabilisque
1306 2489 1553 2545 videtur.
1637 2489 1927 2553 Μεῐεῑίιιε,
1983 2519 1992 2529 ·

367 2565 660 2642 postquam
689 2566 757 2622 de
790 2568 951 2624 rebus
983 2569 1178 2625 Vaccae
1207 2568 1341 2625 ειᾶὶὶεῐ
1364 2567 1663 2643 comperit,
1694 2567 1929 2643 paullis-
1990 2593 1995 2598 ·

369 2665 473 2721 per
503 2646 720 2721 moestus
749 2667 776 2702 e
807 2647 1102 2723 conspeftu
1136 2649 1306 2704 abiit:
1334 2647 1575 2713 deinde,
1610 2649 1709 2703 ubi
1738 2650 1841 2712 irai,
1880 2660 1935 2701 et

372 2725 643 2801 aegritudo
672 2726 938 2802 permista
961 2728 1110 2793 sunt,
1143 2748 1270 2785 cum
1294 2746 1558 2783 maxuma
1588 2740 1719 2782 cura
1746 2727 1933 2783 ultum

365 2807 446 2862 ire
472 2806 703 2882 injurias
733 2806 971 2862 festinat.
1060 2807 1397 2884 Legionem,
1423 2828 1550 2863 cum
1574 2826 1684 2880 qua
1710 2803 1930 2862 hiema-

369 2887 482 2950 bat..
540 2901 593 2941 et
641 2907 812 2961 quam
857 2888 1144 2962 plurimos
1197 2886 1375 2963 potest
1394 2886 1689 2944 .Numidas
1718 2886 1933 2964 equites

369 2964 583 3039 pariter
607 2987 736 3027 cum
765 2966 956 3023 occasu
984 2966 1111 3024 solis
1137 2968 1432 3044 expeditos
1448 2969 1668 3025 educit:
1717 2983 1772 3022 et
1798 2964 1929 3043 pos-

379 3059 492 3107 tera
518 3046 609 3103 die
639 3046 860 3111 circiter
881 3044 1080 3111 horam
1120 3049 1338 3105 tertiam
1360 3048 1614 3123 pervenit
1643 3048 1706 3102 in
1734 3067 1932 3122 quam-

370 3124 502 3181 dam
534 3126 851 3199 planitiem,
889 3127 1021 3187 locis
1053 3128 1249 3201 paullo
1274 3128 1651 3202 superioribus
1691 3129 1933 3183 circum-

366 3219 616 3260 ventam.
704 3205 794 3261 Ibi
843 3206 1045 3277 milites
1075 3207 1233 3273 l'elsps
1260 3207 1479 3265 itineris
1510 3204 1937 3282 magnitudine,⁴

369 3300 422 3343 et
441 3285 561 3359 jam
603 3285 896 3341 abnuentis
930 3289 1144 3354 omnia,
1177 3286 1345 3343 docet
1373 3286 1659 3362 oppidum
1680 3285 1931 3342 vaccam

1810 3380 1931 3419 non
