2387 4040
481 344 617 469 255
801 372 898 444 ι.
961 357 1389 444 ΑΝΝΑΞΙ
1446 371 1821 445 FLORJ
1900 375 1907 385 ’

469 506 796 565 submovere
851 496 974 559 non
1001 516 1247 577 poterat,
1307 516 1489 583 ponte
1514 484 1697 559 reciso*
1742 501 2057 559 transnatat

466 587 753 651 Tiberim,
784 602 887 639 nee
916 602 1068 639 arma
1094 581 1356 638 dimittit.
1410 583 1627 639 Mutius
1653 581 1900 639 Scaevola
1930 584 2053 639 Re-

471 686 623 745 gem,
653 684 758 741 per
781 662 1007 719 infidias
1035 662 1098 717 in
1125 661 1310 717 castris
1340 663 1508 738 ipfius
1538 660 1893 740 agg-reditura
1950 662 2049 721 sed

465 748 570 804 ubi
595 745 854 803 frustrato
881 742 1026 799 circa
1075 756 1455 817 purpuratum
1483 744 1598 818 ejus
1626 740 1741 798 ἰᾶιι
1793 756 2041 812 tenetur,
2074 792 2081 797 .

469 825 802 885 ardentibus
831 822 970 893 focis
1015 820 1200 899 injicit
1241 842 1497 889 manum,
1534 835 1919 895 terroremque
1946 842 2043 900 ge·

470 906 664 965 minat.
677 903 852 961 dolos
898 897 964 957 Ue
970 900 1135 975 scias,
1167 901 1382 977 inquit,
1429 920 1567 975 quem
1589 902 1753 957 virum
1769 896 2036 977 effugeris,

473 986 606 1043 idem
659 983 861 1041 trecenti
895 980 1184 1053 juravimus
1205 1000 1223 1037 .·
1268 982 1465 1059 Quum
1495 981 1723 1038 interim
1772 978 2043 1047 (immane

478 1064 689 1137 dictust)
733 1062 848 1119 Hic
895 1061 1208 1127 interritus,
1260 1062 1367 1116 Ille
1410 1060 1738 1136 trepidaret,
1750 1066 2040 1136 *tanquam

473 1163 676 1201 manus
709 1142 884 1218 Regis
911 1139 1152 1196 arderet.
1238 1141 1328 1197 Sic
1368 1138 1603 1215 quidem
1646 1142 1787 1199 viri:
1832 1139 1940 1197 Sed
1968 1161 2043 1197 ne

473 1223 615 1299 quid
642 1223 802 1279 sexus
829 1221 967 1276 alter
993 1239 1027 1273 a
1052 1216 1220 1276 laude
1246 1218 1489 1288 ceffaret‚
1522 1220 1644 1277 ecce
1672 1236 1727 1278 et
1752 1221 2043 1298 virginum

472 1303 684 1361 virtus!
731 1302 866 1359 Una
891 1320 962 1356 ex
985 1297 1269 1357 obfidibus
1294 1301 1442 1377 Regi
1460 1300 1614 1363 data,
1646 1301 1829 1377 elapsa
1858 1300 2039 1358 custo-

473 1383 655 1451 diam,
693 1378 918 1445 Ginaia,
953 1398 1058 1455 per
1085 1381 1333 1454 patrium
1360 1381 1569 1439 flumen
1600 1383 1907 1456 equitabat.
1965 1384 2039 1437 Et
2092 1439 2101 1445 ,

474 1464 606 1520 Rex
633 1462 872 1537 quidem
900 1474 984 1516 tot
1009 1460 1287 1535 tantisque
1316 1460 1590 1517 virtutum
1620 1463 1841 1517 territus
1868 1481 2059 1518 mom,

475 1543 622 1609 stris,
655 1543 838 1598 valere
867 1538 1177 1613 liberosque
1206 1538 1307 1595 effe
1325 1540 1501 1617 Juffit.
1543 1540 1865 1616 -Tarquiuii
1894 1556 2036 1599 tam-

475 1623 581 1679 diu
619 1622 1054 1684 dimicaverunt,
1097 1620 1280 1676 donec
1320 1624 1606 1676 Aruntem
1648 1621 1827 1677 filium
1858 1622 2036 1698 Regis

476 1720 649 1759 manu
675 1700 770 1757 sua
816 1702 1026 1755 Brutus
1053 1699 1286 1765 occidit,
1322 1700 1593 1774 superque
1622 1701 1805 1777 ipsum
1835 1716 2041 1757 mutuo

478 1776 714 1837 vulnere
741 1776 1017 1851 expiraffit
1039 1802 1055 1841 ς
1093 1781 1265 1854 plane
1292 1780 1439 1855 quafi
1460 1780 1785 1838 adulterum
1800 1779 1873 1837 ad
1890 1780 2039 1837 infe-

477 1878 569 1917 ros
595 1859 766 1936 usque
792 1856 1197 1931 insequeretur.
1548 1872 1563 1891 ·

921 2048 972 2104 C
1052 2049 1115 2105 A
1195 2048 1267 2104 P.
1441 2043 1557 2106 XI.

1009 2208 1206 2265 Bellum
1233 2208 1490 2265 Latinum.

613 2341 883 2399 ATINI
911 2359 1136 2416 quoque
1154 2341 1499 2416 Tarquinios
1516 2338 1837 2398 afferebant:
1866 2362 2037 2400 aemu-

643 2421 878 2486 latione,
911 2435 966 2475 et
985 2420 1221 2485 invidia,
1242 2436 1313 2477 ·u,t
1340 2421 1618 2496 Populus,
1642 2422 1741 2496 qui
1770 2421 1907 2480 foris
1930 2417 2038 2480 do:-

478 2501 824 2566 minabatur‚
867 2500 1056 2555 saltem
1096 2499 1259 2556 domi
1310 2500 1554 2557 serviret.
1643 2502 1829 2577 Igitur
1867 2521 2048 2560 omne.

478 2581 709 2639 Latium
732 2578 994 2636 Mamilio
1032 2579 1356 2636 Tusculano
1385 2580 1554 2648 duee,
1599 2582 1748 2655 quafi
1774 2583 1835 2638 in
1864 2584 2039 2660 Regis

477 2661 757 2718 ultionem
787 2661 938 2718 tollit
961 2657 1204 2717 animos.
1288 2659 1475 2738 Apud
1502 2661 1799 2736 Regillum
1826 2663 2041 2720 Lac-mn

479 2741 803 2808 dimicatur,
835 2741 940 2797 diu
953 2741 1137 2796 Marte
1161 2739 1534 2803 vario,donec
1552 2741 1869 2799 Postumius
1896 2741 2037 2818 ipse,

479 2819 718 2876 dictator
741 2821 966 2898 {ignum
993 2819 1056 2874 in
1079 2817 1261 2875 hostes
1279 2820 1557 2896 jaculatus
1587 2822 1683 2888 est,
1720 2819 1953 2893 (novum
1988 2838 2044 2880 et

475 2899 695 2976 infigne
721 2913 1104 2956 commentum
1129 2899 1168 2972 Ξ)
1220 2913 1287 2956 ut
1325 2915 1608 2975 peteretur
1632 2899 1816 2958 eursu.
1863 2904 2041 2977 Equi·

483 2994 608 3035 tum
632 2979 899 3056 Magister
918 2997 1126 3034 exuere
1147 2977 1337 3036 frenos
1364 2975 1683 3057 imperavit,
1706 2981 1780 3052 (et
1802 2980 1911 3039 hoc
1932 3001 2039 3040 no-

481 3056 636 3131 vum)
665 3078 781 3133 quo
821 3059 997 3117 acrius
1023 3058 1400 3116 incurrerent.
1490 3061 1571 3117 Ea
1600 3061 1848 3138 denique
1888 3071 2041 3118 atro*-

479 3135 617 3194 citas
639 3135 750 3194 fuit
770 3138 976 3216 praelii,
1015 3137 1081 3194 'ut
1107 3138 1415 3196 interfuisse
1444 3139 1755 3215 spectaculo
1781 3143 1932 3199 Deos
1958 3141 2045 3198 fa·

479 3235 578 3273 ma
603 3217 930 3275 tradiderit!
976 3218 1137 3276 Duos
1163 3219 1228 3275 in
1256 3219 1512 3276 candidis
1540 3224 1720 3296 equis,
1756 3221 2046 3280 Castorem

481 3311 660 3376 atque
675 3297 971 3360 Pollucem
997 3317 1168 3358 nemo
1196 3297 1500 3360 dubitavit.
1586 3303 1786 3380 Itaque
1827 3316 1882 3358 et
1920 3302 2043 3358 lm·
2076 3354 2092 3365 N

1820 3395 2049 3460 perator
