2387 4040
457 373 587 444 ῳ
700 345 772 417 c.
833 344 1221 416 CRISPI
1262 341 1883 415 SALLUSTII
1938 307 1941 310 ’

455 475 610 552 quasi
638 474 798 531 nullo
823 473 1088 551 inposito,
1119 473 1313 529 omnia
1338 471 1668 548 providere:
1705 472 1859 548 apud
1881 491 2008 529 om-

459 557 551 612 nis
578 553 776 619 adesse,
804 553 1056 620 laudare,
1093 554 1383 627 increpare
1409 552 1696 609 merentis,
1769 551 1895 627 Ipse
1922 573 2012 607 ar-

459 632 665 699 matus,
722 631 1075 708 intentusq‘ue
1121 632 1259 687 item
1287 630 1489 688 milites
1516 633 1783 708 cogebat3
1832 649 2013 705 neque

457 715 632 780 secus,
650 727 815 788 atque
843 712 952 769 iter
977 711 1153 774 facere
1173 709 1342 767 eastra
1380 712 1628 775 munire,
1675 712 2010 768 excubitum

458 794 525 852 in
551 807 716 868 porta
765 789 1015 849 cohortis
1068 812 1137 847 ex
1189 788 1528 867 legionibus,
1580 809 1688 865 pro
1739 791 1925 847 castris
1953 812 2010 847 e·

460 872 644 948 quites
673 872 999 928 auxiliarios
1041 872 1294 927 mittere:
1342 884 1603 944 praeterea
1656 868 1798 925 alios
1849 870 2017 945 super
2062 864 2079 874 ’

462 953 674 1009 vallum
701 950 763 1006 in
791 950 1158 1008 munimentis
1186 948 1390 1014 locare,
1418 949 1641 1026 vigilias
1662 949 1781 1024 ipse
1808 950 2015 1008 circui-

457 1051 546 1098 re,
575 1048 693 1088 non
721 1028 1031 1086 diffidentia
1060 1029 1264 1094 futuri,
1295 1048 1415 1102 qua:
1433 1028 1825 1103 imperavisset,
1843 1050 2016 1104 quam

461 1112 550 1167 uti
576 1109 850 1165 militibus
871 1123 1190 1183 exaequatus
1215 1128 1343 1163 cum
1369 1109 1705 1182 imperatore
1729 1108 1886 1165 labos
1913 1130 2015 1166 vo·

460 1189 709 1246 lentibus
732 1186 887 1244 effer.
949 1191 1021 1246 Et
1046 1188 1171 1244 sane
1198 1188 1414 1243 Marius
1437 1189 1540 1244 illo
1566 1202 1623 1243 et
1644 1188 1766 1244 aliis
1791 1204 2013 1264 tempo-

459 1268 620 1326 ribus
631 1266 966 1343 Jugurthini
990 1268 1145 1333 belli,
1178 1266 1398 1340 pudore
1426 1267 1623 1342 magis,
1646 1286 1816 1341 quam
1836 1271 2012 1335 malo,

457 1348 770 1410 exercitum
792 1349 1111 1408 coeroebat:
1144 1344 1301 1420 quod
1332 1347 1499 1404 multi
1519 1366 1623 1421 per
1649 1348 2019 1406 ambitionem

461 1424 589 1494 fieri
637 1427 890 1504 ajebant:
938 1446 1088 1516 pars,
1141 1425 1299 1500 quod
1338 1446 1371 1481 a
1415 1424 1658 1501 pueritia
1699 1427 2021 1492 consuetam

465 1506 762 1574 duritiam,
805 1521 864 1561 et
889 1503 1035 1573 alia,
1046 1526 1168 1579 quae
1192 1506 1361 1560 ceteri
1388 1505 1630 1562 miserias
1653 1523 1882 1572 vocant,
1914 1525 2018 1565 vo·

463 1587 672 1661 luptati
699 1583 991 1642 habuisset.
1059 1584 1175 1641 Nifi
1206 1598 1390 1640 tamen
1416 1585 1755 1660 Respublica
1780 1586 2014 1661 pariter,

461 1686 532 1722 ac
559 1664 905 1723 saeviffumo
888 1663 1160 1741 imperi0,
1190 1664 1356 1730 bene,
1384 1679 1551 1740 atque
1591 1662 1793 1724 decore
1821 1665 1989 1742 gesta.

555 1827 713 1888 CVI.
745 1828 932 1902 Igitur
957 1821 1156 1902 quarto
1204 1825 1447 1901 denique
1476 1825 1592 1890 die,
1644 1824 1799 1883 haud
1850 1826 2020 1904 longe

469 1908 540 1964 ab
553 1907 772 1983 oppido
781 1908 948 1964 Cirta
971 1907 1222 1982 undique
1234 1908 1391 1963 simul
1413 1906 1693 1980 speculato
1700 1927 1780 1963 res
1793 1906 1890 1963 citi
1915 1904 2022 1962 sese

469 1986 802 2046 ostendunt-t
847 2007 955 2063 qua
977 2008 1036 2045 re
1060 1986 1231 2044 hostis
1258 1984 1436 2045 adeffe
1461 1986 1825 2063 intelligitur.
1910 1984 2023 2042 Sed

465 2069 603 2143 quia
627 2067 822 2125 diversi
865 2068 1183 2132 redeuntes,
1215 2067 1359 2125 alius
1378 2066 1448 2123 ab
1488 2067 1598 2121 alia
1646 2081 1823 2141 parte,
1854 2082 2021 2140 atque

466 2166 660 2202 omnes
686 2146 837 2203 idem
864 2147 1315 2240 significabant&
1330 2144 1591 2203 Consul
1577 2161 1842 2213 incertus,
1875 2164 2023 2220 quo·
2078 2173 2088 2181 -

467 2248 601 2285 nam
629 2227 803 2285 modo
827 2229 1006 2285 aciem
1021 2226 1335 2290 instrueret,
1365 2226 1524 2280 nullo
1538 2224 1741 2281 ordine
1764 2245 2024 2282 commu-

471 2322 611 2374 tato,
663 2307 960 2365 advorsum
1015 2305 1207 2361 omnia
1249 2320 1526 2379 paratuS,
1512 2303 1745 2361 ibidem
1785 2303 2023 2380 opperi-

451 2384 585 2440 'tur.
651 2387 740 2441 Ita
771 2382 1124 2461 Jugurtham
1153 2383 1274 2458 spes
1303 2382 1576 2452 frustrata,
1617 2386 1715 2459 qui
1743 2385 1931 2459 copias
1964 2386 2028 2441 in

473 2477 740 2537 quattuor
793 2464 967 2537 partis
1006 2461 1383 2529 distribuerat,
1433 2478 1583 2519 ratus
1638 2484 1715 2519 ex·
1760 2465 2027 2521 omnibus

471 2561 624 2617 aeque
650 2542 866 2616 aliquos
897 2541 965 2598 ab
983 2555 1145 2618 tergo
1172 2540 1423 2599 hostibus
1451 2558 1744 2601 venturos».
1789 2544 2029 2599 Interim

472 2622 650 2690 Sulla,
676 2641 841 2696 quem
868 2622 1114 2697 primum
1136 2619 1317 2679 hostes
1341 2621 1680 2698 adtigeram,
1705 2621 2028 2680 cohortatus

475 2702 623 2769 suos,
656 2703 963 2766 turmatim,
996 2715 1050 2756 et
1077 2720 1244 2775 quam
1265 2722 1526 2758 maxume
1555 2701 1817 2757 confertis
1846 2704 2024 2776 equiS,

476 2781 594 2856 ipse
627 2781 832 2854 aliique
859 2783 1090 2837 Mauros
1117 2781 1426 2838 invadunt:
1472 2781 1639 2836 ceteri
1665 2781 1728 2836 in
1756 2782 1881 2836 loco
1908 2802 2028 2837 ma-

475 2875 702 2925 nentes,
736 2860 803 2914 ab
822 2860 1023 2934 jaculis
1051 2862 1269 2916 eminus
1297 2860 1495 2916 emiffis
1544 2879 1783 2935 corpora
1821 2876 2026 2937 tegere,

477 2953 533 2995 et
556 2938 593 2994 fi
622 2937 721 3013 qui
744 2938 804 2994 in
832 2956 1027 2994 manus
1054 2954 1341 3007 venerant,
1376 2942 1732 2996 obtruncare.

559 3096 749 3153 cvn.
781 3095 934 3152 Dum
962 3117 1027 3153 eo
1056 3099 1228 3157 modo
1259 3101 1468 3176 equites
1495 3102 1843 3178 praeliantur,
1881 3103 2027 3160 Boc-

476 3175 619 3235 chus
643 3195 771 3233 cum
798 3175 1106 3251 peditibus,
1161 3201 1305 3256 quos
1353 3183 1557 3240 Volux
1599 3181 1754 3255 filius
1781 3184 1903 3265 ejus
1920 3181 2030 3237 ad-

467 3257 734 3347 duxerat,
755 3276 931 3333 neque
959 3260 1021 3318 in
1043 3260 1234 3337 priore
1254 3280 1469 3338 pugna,
1490 3263 1552 3319 in
1572 3261 1779 3396 itiner}
1789 3261 2045 3396 fmoratis

495 3356 504 3367 ·
1713 3363 1741 3397 a
1812 3355 2029 3409 uetant,
