2387 4040
467 352 559 451 84'
665 359 737 427 ο.
794 357 1212 429 0313121
1265 328 1908 431 SALL‘USTH

408 542 411 546 ,
469 488 669 566 hoffibm
690 486 932 564 pontones
957 484 1217 567 fecffm.
1311 490 1461 547 Huic
1502 494 1784 568 rogationi
1809 495 2033 569 partim·

470 572 675 631 conscii
702 571 824 637 fibi,
877 571 975 625 alii
1000 590 1070 624 ex
1098 567 1344 644 partium
1370 568 1578 627 invidia
1617 573 1866 645 pericula
1893 592 2013 629 me·

470 660 713 716 'tuente3‚
763 649 1034 724 quoniam
1083 662 1271 723 aperte
1319 648 1550 704 relistere
1577 669 1695 705 non
1723 666 2007 724 poterant,

470 733 612 806 quin
639 730 756 794 illa,
789 744 844 785 et
867 727 978 783 alia
1019 728 1149 782 talia
1175 729 1392 801 placere
1417 728 1514 782 fibi
1559 728 1884 797 faterentur,
1915 750 2012 786 oc-

467 812 615 867 culte
643 829 746 885 per
770 809 997 873 amicos,
1028 827 1090 863 ac
1121 825 1384 861 maxume
1412 826 1515 881 per
1539 806 1798 866 homines
1824 800 2014 863 norni-

470 891 559 944 nis
589 887 803 955 Latini,
836 902 891 943 et
940 884 1114 945 socios
1162 884 1388 939 Italicos
1436 886 1826 960 inpedimenta
1853 906 2017 962 para·-

467 969 625 1023 bant.
672 966 777 1022 Sed
808 966 1022 1040 plebes,
1051 963 1383 1019 incredibile
1403 981 1714 1021 memoratu
1727 966 1820 1030 est,
1847 986 2018 1040 quam

466 1046 683 1103 intenta
731 1043 923 1107 fuerit,
972 1057 1290 1116 quantaque
1319 1042 1374 1096 vi
1400 1043 1748 1118 rogationem
1766 1044 2006 1119 jusserit,

467 1124 795 1188 decreverit,
823 1121 1089 1187 voluerit,
1144 1122 1322 1197 magis
1367 1121 1508 1176 odio
1559 1124 1889 1188 nobilitatis,
1919 1124 2012 1179 cui

464 1204 612 1261 mala
634 1202 732 1257 illa
752 1202 1114 1275 parabantur,
1140 1218 1308 1273 quam
1328 1220 1455 1255 cura
1468 1201 1852 1275 Reipublicae,·
1865 1217 2015 1258 tanta

468 1280 650 1337 libido
668 1280 737 1346 in
762 1280 1015 1355 partibus
1043 1294 1178 1334 erat.
1224 1279 1430 1354 Igitur,
1463 1282 1658 1337 ceteris
1686 1297 1837 1336 metu
1881 1300 2032 1355 per-.

466 1359 643 1427 tuliis,
699 1360 789 1415 M.
837 1358 1094 1424 Scauru8‚
1148 1374 1317 1432 quem
1363 1358 1612 1433 legatum
1641 1360 1826 1417 Bestiae
1853 1358 2011 1415 fuilse

468 1440 633 1516 supra
658 1439 1111 1503 memoravimus»,
1146 1439 1294 1492 inter
1322 1437 1568 1493 laetitiam
1596 1440 1800 1513 plebis,
1834 1454 1889 1494 et
1918 1439 2006 1493 su·-

466 1538 633 1574 orum
662 1518 876 1595 fugam,
915 1516 1135 1590 trepida
1161 1516 1327 1571 etiam
1355 1530 1475 1570 tum
1505 1516 1748 1583 civitate,
1781 1536 1911 1583 eum
1939 1537 2009 1573 ex

468 1597 800 1653 Mamiliana
824 1588 1117 1672 ‘rogatione
1164 1610 1272 1649 tres
1299 1594 1606 1669 quaefitores
1655 1612 2008 1673 rogarentur,
2069 1591 2078 1597 ⁹

457 1674 740 1740 effecerat,
771 1690 835 1729 ut
870 1675 986 1749 ipse
1016 1675 1100 1751 ‘in
1125 1694 1190 1727 eo
1219 1692 1456 1729 numero
1487 1690 1784 1731 crearetur.
1873 1675 2007 1742 Sed,

466 1752 763 1829 quaestione
779 1753 1015 1808 exercita
1027 1752 1234 1826 aspere,
1264 1752 1645 1826 violenterque
1670 1774 1740 1809 ex
1764 1773 2012 1820 rumore.

471 1846 525 1887 et
549 1831 788 1887 libidine
803 1831 1007 1907 plebis,
1038 1848 1101 1885 ut
1130 1831 1266 1906 saepe
1291 1831 1661 1898 nobilitatem,
1694 1834 1760 1888 fic
1785 1853 1846 1888 ea
1871 1848 2012 1889 tem-

470 1910 673 1987 pestate
700 1912 925 1987 plebem
953 1931 1023 1966 ex
1070 1910 1326 1967 secundis
1377 1912 1540 1967 rebus
1579 1912 1878 1969 insolentia
1921 1934 2011 1971 ce-

466 2004 647 2068 perat.

555 2153 751 2211 XLV.
784 2151 1051 2209 Ceterum
1078 2133 1202 2208 inos
1227 2152 1476 2227 partium
1526 2153 1912 2228 popularium,
1963 2169 2019 2211 et

470 2232 654 2290 Senatl
682 2232 1010 2300 fastionum,
1036 2253 1095 2287 ac
1122 2231 1329 2287 deinde
1345 2234 1602 2287 omnium
1627 2234 1897 2289 malarum
1927 2255 2014 2306 ar·

471 2314 635 2377 tium,
674 2314 863 2386 paucis
893 2328 1017 2367 ante
1045 2314 1208 2368 annis
1237 2313 1436 2367 Romae
1463 2327 1616 2366 ortus
1645 2312 1716 2367 est
1747 2314 1892 2380 otio,
1925 2329 2011 2369 at-

438 2410 579 2465 'que
606 2391 949 2446 abundantia
995 2411 1209 2456 earum,
1254 2410 1374 2463 quae
1406 2391 1586 2465 prima
1615 2393 1872 2447 mortales
1904 2392 2014 2449 du-

472 2484 631 2522 cunt.
679 2469 826 2523 Nam
857 2483 981 2522 ante
1006 2469 1406 2544 Carthaginem
1435 2469 1698 2535 deletam,
1733 2472 2011 2546 Populu8‚

473 2562 525 2601 et
550 2547 781 2603 Senatus
810 2549 1100 2603 Romanus
1151 2546 1370 2622 placide
1395 2548 1744 2622 modesteque
1792 2552 1940 2607 inter
1962 2552 2013 2607 se

470 2627 901 2702 Rempublicam
958 2627 1287 2683 trafilabant:
1337 2647 1515 2701 neque
1566 2628 1776 2702 gloriae,
1831 2651 2013 2706 neque

474 2703 877 2763 dominationis
932 2722 1208 2763 certamen
1256 2709 1402 2763 inter
1446 2706 1578 2762 civis
1629 2723 1775 2764 erat:
1834 2726 2014 2767 metus

472 2784 685 2842 hostilis
712 2787 775 2841 in
803 2787 965 2841 bonis
1004 2788 1212 2854 artibus
1238 2787 1522 2842 civitatem
1543 2788 1836 2848 retinebat.
1905 2790 2014 2846 Sed

470 2864 572 2918 ubi
596 2865 692 2919 illa
740 2858 986 2920 formido
1025 2868 1306 2922 mentibus
1352 2865 1616 2930 diseeffit3
1666 2867 1889 2935 scilicet,
1925 2891 2009 2936 ea,

462 2955 593 3016 ‘quae
620 2942 866 2999 secundae
917 2963 1001 2999 res
1050 2959 1259 3011 amant,
1293 2944 1529 3010 lascivia,
1560 2960 1720 3019 atque
1757 2945 2012 3021 superbia

460 3020 750 3077 ‘incessu-e.
797 3024 903 3088 Ita,
936 3023 1087 3097 quod
1112 3024 1172 3080 in
1200 3023 1437 3082 advorlis
1463 3025 1626 3079 rebus
1653 3040 2009 3100 optaverunt,

472 3100 656 3154 otium
680 3101 968 3176 postquam
982 3102 1171 3178 adepti
1196 3105 1343 3171 sunt,
1372 3103 1636 3178 asperiu8‚
1661 3107 2013 3182 acerbiusque

472 3177 605 3234 fuit.
652 3181 908 3256 Namque
929 3201 1140 3257 coepere
1154 3184 1417 3239 nobilitas
1437 3183 1794 3259 dignitatem,
1826 3205 2017 3261 popu-

474 3258 563 3315 lus
588 3259 896 3319 libertatem
939 3262 1003 3320 in
1050 3261 1346 3320 libidinem
1371 3276 1614 3321 vertere:
1661 3261 1758 3319 fibi
1785 3265 2015 3340 quisque

1790 3345 2013 3410 ducere,
