2387 4040
475 394 604 461 23²
659 324 676 341 t
743 373 824 440 L.
883 372 1303 443 ANNAEI-
1356 374 1720 444 FL'ORI

476 514 566 554 tur
621 500 716 567 sup
737 501 864 575 jure
895 503 1324 576 rempublicam.
1410 503 1640 560 Senatus
1671 503 1849 559 exilio
1902 505 2029 558 Me·

483 578 623 644 telli,
677 579 1038 637 damnatione
1067 582 1270 636 Rutilii
1302 582 1620 639 debilitatus
1661 601 1830 639 omne
1859 582 2035 637 decus

477 657 765 732 majestatis
791 659 1064 717 amiserat.
1114 661 1183 714 In
1215 660 1323 715 hoc
1346 659 1481 715 flatu
1505 680 1688 717 rerum
1710 679 1870 735 pares
1898 660 2030 734 opi-

475 738 598 800 bus,
632 738 857 803 animiS‚
891 738 1162 813 dignitate
1196 738 1366 807 (unde
1407 753 1461 794 et
1487 754 1615 799 nata
1646 739 1812 795 Livio
1846 739 2034 795 Druso

475 816 752 873 aemulatio
791 816 1089 888 accefferat)
1122 819 1362 890 equitem
1386 817 1647 873 Servilius
1676 817 1900 892 Caepio,
1932 818 2030 873 Sc-

476 911 669 950 natum
702 897 891 952 Livius
921 897 1131 952 Drusus
1158 896 1404 951 afferere.
1491 896 1684 971 Signa,
1719 912 1773 951 et
1800 896 2028 971 aquilae,

475 990 527 1028 et
547 975 753 1031 vexilla
782 975 1033 1030 aderant.
1092 974 1365 1031 Ceterum
1383 973 1446 1029 fic
1470 976 1607 1029 'urbe
1633 976 1693 1030 in
1717 995 1852 1040 una,
1878 973 2030 1049 quafi

475 1053 539 1108 in
569 1054 713 1108 binis
739 1053 939 1118 caflri5‚
974 1053 1357 1109 diffidebatur.
1441 1053 1605 1108 Prior
1634 1053 1832 1128 Caepio
1859 1055 1929 1107 i11
1950 1054 2031 1107 se·-

477 1148 670 1186 natum
693 1134 910 1205 impetu
934 1132 1100 1199 facio,
1126 1150 1246 1187 reos
1268 1132 1505 1187 ambitus
1524 1131 1793 1191 Scaurum
1812 1146 1869 1187 et
1887 1130 2032 1187 Phi-

475 1210 723 1283 lippum,
757 1211 1038 1285 principes
1090 1210 1399 1267 nobilitatis
1427 1211 1616 1285 elegit.
1706 1212 1815 1267 His
1856 1211 2029 1266 moti·

476 1288 579 1343 bus
605 1302 667 1342 ut
694 1288 786 1343 res
795 1288 948 1347 steret
985 1291 1220 1356 Drusus,
1255 1290 1475 1363 plebem
1504 1289 1575 1345 ad
1603 1289 1654 1345 se
1684 1289 2031 1348 Gracchanis

478 1367 693 1444 legibus
736 1362 1004 1436 evocavit,
1037 1334 1244 1426 eisdem
1273 1368 1445 1424 socios
1488 1368 1563 1423 ad*
1586 1368 1739 1443 spem
1788 1370 2029 1425 civitatis

481 1448 679 1503 erexit.
764 1449 933 1504 Extat
976 1468 1087 1504 vox
1115 1447 1305 1538 ipfiu8‚
1342 1445 1501 1503 Nihil
1504 1447 1570 1519 se
1616 1448 1685 1501 ad
1720 1448 2035 1520 largitionem

475 1524 574 1581 ulli.
585 1523 849 1604 reliqugffl‚
881 1525 974 1597 nist
994 1525 1181 1601 siquis
1204 1536 1291 1581 aut
1312 1543 1492 1580 coenum
1516 1526 1734 1582 dividere
1751 1527 1914 1591 vellet
1945 1536 2036 1581 aue
2086 1520 2091 1523 ’

475 1605 658 1661 coelum.
713 1606 963 1663 .Aderat
1008 1604 1410 1680 promulgandi
1439 1604 1578 1671 dies,
1599 1624 1789 1696 ‘quum
1839 1605 2032 1661 subito

478 1699 629 1738 tanta
655 1687 736 1742 vis
763 1685 1063 1741 hominum
1107 1683 1357 1757 undique
1381 1684 1663 1759 apparuit,
1696 1697 1759 1739 ut
1784 1682 2032 1740 hostium

477 1745 717 1819 adventu
769 1761 971 1818 obsessa
999 1764 1190 1819 civitas
1219 1761 1524 1819 videretur.
1568 1761 1805 1817 ·Ausus
1840 1776 2027 1817 tamen

477 1841 749 1917 obrogare
768 1839 838 1896 de
860 1842 1075 1915 legibus
1095 1841 1290 1897 consul
1317 1839 1652 1915 Philippus:
1705 1840 1796 1895 sed
1820 1859 2027 1916 appre-

480 1917 716 1976 hensum
745 1920 996 1976 faucibus
1042 1921 1223 1976 viator
1252 1938 1371 1974 non
1400 1932 1527 1974 ante
1573 1917 1800 1982 dimifit,
1855 1938 2027 1991 quam

479 1997 734 2073 sanguis
719 2020 779 2055 m
808 2018 903 2054 ora
924 2013 978 2053 et
1007 1999 1197 2054 oculos
1225 1997 1584 2054 redundaret.
1671 1996 1757 2054 Sic
1785 2016 1886 2071 per
1907 2000 2027 2054 vim

479 2076 623 2142 latae,
647 2077 922 2153 juffaeque
935 2078 1112 2152 leges.
1162 2075 1255 2130 sed
1286 2077 1530 2165 pretium
1574 2076 1880 2150 rogationis
1925 2076 2028 2130 sta·

482 2153 583 2208 tim
611 2156 744 2212 socii
777 2157 1042 2230 flagitare,
1072 2173 1249 2228 quum
1295 2154 1524 2209 interim
1551 2155 1823 2227 imparem
1869 2154 2023 2208 Dru-

481 2231 622 2323 sum,
652 2253 966 2311 aegrumque
1006 2252 1191 2289 rerum
1219 2247 1421 2288 temere
1447 2247 1749 2297 motarum,
1786 2246 2023 2298 matura,

480 2331 545 2369 ut
571 2313 630 2367 in
662 2315 752 2369 tali
782 2313 1122 2376 discrimine,
1156 2329 1305 2365 mors
1332 2309 1571 2366 abstulit.
1620 2311 1737 2366 Nec
1764 2308 1894 2364 ideo
1917 2312 2024 2365 mi-

483 2411 585 2447 nus
613 2391 745 2447 socii
768 2390 1031 2468 promiffa
1052 2390 1214 2447 Drusi
1241 2408 1272 2444 a
1300 2386 1523 2464 Populo
1546 2391 1809 2446 Romano
1838 2389 2028 2462 repos-

483 2489 599 2525 cere
625 2472 792 2527 armis
820 2469 1116 2526 defierunt.

931 2654 980 2713 C
1064 2655 1123 2711 A
1205 2655 1273 2710 P.
1447 2654 1713 2740 XVIII.-

1028 2813 1219 2868 Bellum
1240 2812 1448 2869 Sociale.

599 2945 719 3001 OC
740 2948 764 3000 1
783 2944 962 2999 ALE
994 2944 1203 2999 bellum
1231 2959 1458 3000 vocetur
1499 2943 1761 3016 licen-ut
1790 2958 2027 3000 extenu-

625 3043 776 3080 emus
803 3023 1109 3079 invidiam:
1140 3022 1176 3076 fi
1204 3042 1398 3078 verum
1426 3037 1610 3077 tamen
1639 3025 1922 3088 volumus,
1955 3024 2028 3079 il-

477 3106 579 3163 lud
627 3105 788 3161 civile
836 3103 1045 3158 bellum
1070 3099 1201 3156 fuit.
1287 3101 1526 3176 Quippe
1567 3119 1745 3175 quum
1771 3102 2033 3176 Populus

477 3188 769 3242 Romanus
799 3183 1074 3245 Etruscos,
1136 3180 1390 3245 Latium,
1424 3179 1765 3256 Sabinosque
1794 3181 2028 3236 miscue-

479 3267 573 3334 rit,
604 3279 658 3320 et
676 3282 851 3319 unum
872 3282 940 3317 ex
964 3261 1228 3317 omnibus
1252 3258 1582 3335 sanguinem
1608 3259 1796 3327 ducat,
1823 3279 2028 3333 corpus

1892 3336 2026 3400 fecit
