2387 4040
609 366 1017 440 LIBER
1089 367 1183 442 II.
1256 365 1622 438 Ciavf.
1793 363 1919 457 183
1989 446 1995 452 ,

362 496 716 554 indomitum
738 496 930 563 armiS,
965 497 1294 573 Campaniae
1321 495 1462 573 (quis
1484 493 1731 554 crederet
1748 491 1794 567 ?)
1823 492 1929 550 So-

362 577 464 642 leS‚
497 592 556 631 et
582 591 831 651 tepentes
879 576 1331 655 fontibuszajm
1378 577 1737 654 subegerunt.
1825 575 1927 632 In-

358 657 523 714 terim
549 655 815 730 respirare
840 657 1155 725 Romanus,
1183 674 1240 714 et
1261 657 1408 733 quafi
1436 657 1504 713 ab
1526 654 1718 712 inferis
1744 673 1927 714 erner-

362 756 514 810 gere.
605 736 788 794 Arma
829 756 951 792 non
979 753 1159 802 erant,
1218 737 1460 796 deti-acia
1486 736 1614 791 sunt
1666 736 1926 808 templis:

361 816 570 874 Deerat
587 816 880 890 juventus,
914 817 976 872 in
1014 816 1415 874 sacramentum
1464 815 1677 872 militiae
1704 815 1937 869 liberata

363 894 616 951 servitia:
652 897 866 971 Egebat
885 897 1158 962 aerarium,
1190 916 1325 972 opes
1349 896 1468 951 suas
1496 894 1675 950 libens
1701 892 1933 950 Senatus

360 975 422 1028 in
451 974 708 1031 medium
751 975 1021 1049 protulit,
1054 996 1179 1043 nec,
1237 990 1437 1051 praeter
1460 973 1619 1050 quod
1671 973 1733 1027 in
1762 973 1932 1028 bullis

361 1053 694 1130 singulisque
734 1055 960 1111 annulis
1013 1070 1152 1123 erat,
1184 1057 1486 1130 quiequam
1514 1053 1613 1109 fibi
1656 1053 1779 1108 auri
1804 1052 1935 1108 reli·-

359 1152 551 1206 quere‚
642 1134 825 1208 Eques
882 1134 1144 1208 sequutus
1186 1134 1538 1210 exemplum,
1597 1134 1932 1206 imitataeque

362 1215 609 1286 equitem
661 1212 891 1269 Tribus.
978 1214 1239 1290 Denique
1294 1215 1392 1276 vix
1419 1212 1662 1270 sufficere
1709 1214 1931 1290 tabulae,

359 1292 457 1352 vix
487 1292 807 1350 Scribarum
838 1313 1059 1359 manua.
1096 1295 1325 1384 Laevino
1355 1294 1737 1366 Marcelloque
1770 1294 1932 1349 Con—

359 1372 602 1437 sulibus,
638 1391 817 1445 quum
873 1373 1098 1447 privatae
1147 1393 1282 1448 opes
1308 1374 1371 1428 in
1415 1373 1709 1446 publicum
1749 1371 1933 1429 defer-

365 1466 588 1508 rentur.
679 1451 843 1526 Quid
871 1468 1056 1508 autem
1084 1454 1145 1509 in
1173 1451 1450 1528 eligendis
1475 1451 1919 1525 Magistratibus.
1905 1450 1933 1489 ἶ)

360 1552 482 1605 quae
512 1530 915 1590 Centuriarum
944 1533 1238 1605 sapientia,
1269 1552 1446 1606 quum
1467 1532 1732 1603 juniores
1784 1552 1815 1587 a
1838 1525 1934 1587 Se-

362 1610 624 1666 nioribus
653 1611 948 1668 confilium
977 1612 1047 1668 de
1072 1612 1325 1670 creandis
1356 1611 1702 1668 Consulibus
1726 1613 1937 1687 petive·
2026 1645 2029 1646 ν

360 1688 540 1745 runt?
595 1689 829 1766 Quippe
857 1691 1111 1748 adversus
1159 1691 1372 1747 hostem
1406 1693 1607 1747 totiens
1644 1691 1930 1762 victorem,

362 1786 479 1826 tam
508 1769 798 1835 callidum.
833 1791 954 1828 non
983 1773 1184 1828 virtute
1216 1786 1469 1836 tantum,
1453 1795 1465 1807 ·
1509 1770 1599 1828 sed
1633 1770 1738 1827 suis
1768 1772 1935 1832 etiam

361 1849 603 1910 confiliis
659 1868 918 1925 pugnare
969 1854 1292 1925 oportebat.
1382 1852 1572 1906 Prima
1622 1851 1932 1919 redeuntis,

360 1944 415 1984 et
435 1943 499 1988 ut
517 1929 586 1986 fic
608 1927 879 1996 dixerim,
917 1931 1292 1990 reviviscentis
1322 1931 1558 2004 Imperii
1585 1929 1613 1984 s
1610 1949 1705 2003 pes
1736 1932 1935 1987 Fabius

363 2008 507 2067 fuit:
551 2008 654 2083 qui
679 2027 888 2067 novam
915 2010 985 2069 de
1013 2011 1305 2071 Annibale
1332 2009 1618 2068 vistoriam
1646 2030 1934 2069 commen·

365 2105 452 2147 tus
482 2088 578 2155 est,
605 2106 703 2143 non
720 2093 968 2162 pugnare.
1046 2092 1201 2149 Hinc
1229 2090 1316 2146 illi
1344 2109 1666 2165 cognomen
1695 2111 1932 2158 novum,

362 2182 417 2223 et
452 2169 808 2242 Reipublicae
836 2170 1092 2235 salutare
1130 2168 1413 2231 Gunelalor.
1503 2170 1658 2226 Hinc
1687 2170 1834 2225 illud
1862 2191 1932 2226 ex

363 2247 617 2321 Popu10.
649 2263 711 2304 ut
746 2248 951 2321 Imperii
977 2249 1177 2322 scutum
1208 2262 1521 2307 vocaretur.
1608 2250 1805 2322 Itaque
1832 2269 1937 2323 per

361 2325 657 2387 Samnium
688 2341 894 2394 totum,
932 2349 1035 2403 per
1063 2330 1353 2394 Falernos,
1401 2327 1806 2420 Gauranosque
1831 2329 1934 2385 sal-

361 2422 449 2464 tus
476 2406 544 2467 fic
576 2408 872 2465 maceravit
900 2409 1274 2473 Annibalem,
1306 2420 1391 2472 ut,
1418 2408 1518 2482 qui
1547 2407 1732 2485 frangi
1756 2410 1934 2465 virtu·

363 2500 416 2543 te
443 2506 564 2545 non
587 2501 828 2559 poterat,
857 2508 1015 2545 mora
1033 2489 1537 2547 comminueretur.
1590 2489 1733 2545 Inde
1757 2489 1934 2545 Clau-

362 2566 464 2623 dio
493 2566 767 2623 Marcello
797 2565 938 2624 duce
970 2568 1141 2643 etiam
1165 2567 1441 2643 congredi
1468 2567 1627 2624 ausus
1654 2568 1750 2629 est.
1814 2568 1935 2623 Co-

360 2646 551 2704 minus
596 2646 775 2711 venit,
806 2662 858 2701 et
886 2648 1170 2722 pepulit-a
1200 2647 1518 2720 Campania
1544 2645 1659 2712 sua,
1713 2662 1768 2703 et
1795 2646 1936 2704 obfi-

363 2724 539 2781 dione
567 2724 730 2782 Nolae
761 2726 911 2783 urbis
942 2726 1191 2785 excuffit.
1282 2725 1470 2782 Ausus
1513 2740 1568 2781 et
1593 2726 1936 2800 Sempronio

363 2801 625 2861 Graccho
675 2803 837 2870 duce,
873 2826 976 2880 per
1026 2805 1334 2863 Lucaniam
1375 2805 1552 2880 sequi,
1604 2820 1658 2861 et
1684 2825 1938 2882 premere

365 2884 519 2959 terga
546 2881 829 2943 cedentis.
890 2886 1140 2959 quamvis
1183 2902 1315 2943 tunc
1371 2882 1426 2953 (o
1458 2885 1677 2961 pudor!
1688 2888 1704 2958 )
1762 2907 1936 2945 manu

363 2960 549 3028 seeri
581 2980 908 3037 .pugnaret.
999 2962 1145 3019 Nam
1187 2964 1421 3040 hucusque
1450 2975 1514 3022 tot
1541 2967 1671 3023 mala
1696 2967 1942 3040 compule-

359 3053 505 3109 rant;
535 3042 636 3097 Sed
660 3043 879 3099 libertate
891 3045 1079 3099 donata
1086 3040 1228 3115 secat
1250 3046 1310 3101 dc
1334 3043 1501 3118 servis
1526 3049 1787 3103 Romanos.
1876 3047 1934 3103 O

363 3121 748 3181 horribilem
733 3142 795 3179 m
818 3126 901 3179 tot
925 3122 1156 3181 adverfis
1179 3124 1475 3181 fiduciam!
1514 3126 1571 3183 Ο
1602 3127 1937 3202 {iugularem

362 3201 620 3259 animum
650 3222 710 3259 ac
738 3202 995 3276 spiritum
1023 3204 1236 3278 Populi
1264 3206 1545 3265 Romani·
1577 3207 1725 3262 Tam
1777 3206 1934 3278 aretis

363 3279 714 3357 Afflictisque
757 3284 945 3350 rebus,
992 3302 1172 3358 quum
1197 3283 1268 3343 de
1297 3282 1462 3342 Italia
1488 3285 1582 3345 sua
1626 3285 1931 3352 dubitaret.
2024 3356 2035 3359 ,

1096 3365 1221 3439 (ζει
1781 3364 1941 3424 ausus

349 3465 379 3483 d
