2387 4040
490 442 562 509 G.
652 439 1070 509 CRISPI
1158 433 1809 509 SALLUSTJI

333 623 872 745 BELLUM
923 621 1959 720 CATILINARIUM,

958 846 1183 891 SIVE
1249 846 1356 890 DE

389 995 1264 1089 CONJURATIONE
1329 966 1930 1069 CAT1L1NAE.J

556 1217 562 1223 ²
857 1145 911 1205 C
964 1142 1027 1206 A
1074 1145 1119 1204 P
1165 1144 1227 1205 U
1268 1144 1326 1204 T
1417 1144 1469 1206 Ῑ.

550 1261 776 1318 MNIS
806 1258 1086 1326 homines,
1144 1262 1245 1335 qui
1290 1259 1392 1315 sese
1442 1261 1659 1316 student
1689 1264 1936 1337 praestare

586 1343 778 1398 ceteris
806 1342 1167 1404 animalibus»,
1203 1339 1414 1395 summa
1443 1360 1551 1416 ope
1597 1343 1710 1396 niti
1748 1342 1928 1406 decet,

382 1442 456 1477 ne
495 1422 667 1477 vitam
720 1420 933 1474 filentio
966 1417 1261 1483 transeant,
1315 1420 1490 1476 veluti
1527 1439 1762 1494 pecora3
1812 1441 1934 1494 quae

382 1503 600 1557 Nat-ura
626 1518 831 1573 prona,
866 1513 1029 1572 atque
1059 1499 1241 1553 ventri
1261 1498 1582 1554 obedientia
1596 1498 1784 1553 finxit.
1831 1500 1940 1554 Sed

384 1580 568 1635 nostra
591 1579 776 1633 omnis
798 1578 879 1633 vis
908 1578 968 1631 in
997 1578 1187 1632 animo
1217 1592 1269 1632 et
1298 1596 1537 1652 corpore
1561 1577 1652 1632 sita
1679 1577 1782 1634 est:
1818 1580 1942 1635 ani-⁴·

383 1660 466 1714 mi
494 1659 761 1732 imperio,
796 1657 1051 1731 corporis
1082 1656 1304 1711 servitio
1333 1658 1510 1732 magis
1541 1656 1775 1712 utimur'.
1827 1659 1936 1714 Al-

388 1755 567 1793 terum
582 1736 745 1791 nobis
762 1756 889 1791 curn
904 1735 1012 1801 dis,
1033 1736 1268 1790 alterum
1286 1757 1413 1792 cum
1429 1737 1627 1792 belluis
1643 1757 1941 1794 commune

385 1818 485 1873 est.
539 1819 676 1891 Quo
699 1814 845 1870 mihi
873 1812 1069 1869 reelius
1098 1813 1198 1870 esse
1226 1814 1471 1879 videtur,
1505 1817 1744 1890 ingenii,
1773 1837 1945 1891 quam

386 1898 597 1952 virium
629 1895 834 1967 opibus
864 1895 1101 1970 gloriam
1141 1914 1418 1967 quaerere3
1470 1909 1523 1950 et
1545 1896 1815 1985 quoniam
1835 1897 1951 1951 vita

390 1975 534 2051 ipsa,
585 1992 696 2049 qua
724 1972 988 2038 fruimur,
1040 1974 1221 2028 brevis
1270 1973 1365 2039 est,
1415 1976 1746 2030 memoriam
1773 1974 1948 2032 nostri

390 2075 561 2129 quam
588 2072 849 2108 maxume
858 2049 1100 2128 longam
1127 2050 1363 2109 efficere.
1449 2056 1598 2108 Nam
1618 2052 1946 2111 divitiarum

389 2149 444 2189 et
473 2131 663 2188 formae
705 2132 905 2209 gloria,
964 2132 1116 2187 fluxa
1158 2147 1326 2204 atque
1354 2131 1566 2208 fragilis
1593 2131 1696 2187 est.
1744 2134 1944 2200 virtus,

388 2215 537 2269 clara
564 2226 871 2285 aeternaque
901 2209 1159 2266 habetur.
1247 2210 1355 2265 Sed
1383 2211 1485 2265 diu
1507 2230 1794 2302 magnum·
1798 2214 1944 2267 inter

392 2293 654 2347 mortales
683 2306 960 2346 certamen
989 2290 1119 2354 fuit,
1176 2288 1308 2347 vine
1336 2292 1610 2364 corporis,
1646 2310 1716 2344 an
1742 2291 1949 2349 virtute

393 2372 571 2428 animi
599 2390 681 2425 res
700 2370 960 2426 militaris
986 2369 1162 2445 magis
1192 2368 1544 2443 procederet.
1595 2361 1741 2426 Nam
1762 2386 1815 2425 et
1829 2376 1948 2447 pri-

389 2471 458 2506 us
499 2469 668 2525 quam
715 2450 978 2523 incipiaS,
1036 2447 1324 2504 consulto·
1371 2465 1424 2504 et
1451 2450 1550 2504 ubi
1579 2450 1940 2518 consulueris,

393 2545 608 2593 mature
632 2526 776 2583 faelo
806 2547 953 2604 opus
1001 2529 1096 2583 est,
1185 2527 1272 2583 Ita
1316 2544 1626 2602 utrumque
1646 2549 1747 2604 per
1774 2530 1867 2586 se
1851 2549 1944 2588 m·-

395 2609 619 2685 digens,
653 2608 889 2672 alterum
917 2608 1140 2663 alterius
1162 2607 1386 2663 auxilio
1414 2623 1594 2684 veget.

482 2765 571 2822 11.
605 2766 790 2843 Igitur
810 2768 979 2824 initio
996 2787 1152 2844 reges
1168 2762 1321 2838 (nam
1349 2769 1409 2826 in
1434 2769 1590 2824 terris
1611 2788 1820 2826 nomen
1835 2774 1953 2829 Im-

398 2848 545 2923 perii
586 2846 648 2902 id
682 2848 932 2919 primum
960 2844 1086 2918 fuit)
1114 2847 1334 2913 diverfi‘,
1368 2869 1496 2923 pars
1526 2849 1950 2925 ingenium,alii

392 2945 605 3000 corpus
643 2927 992 2982 exercebant:
1027 2928 1191 2983 etiam
1234 2942 1353 2983 tum
1380 2929 1492 2984 vita
1518 2925 1820 2985 hominum
1845 2931 1956 2986 fine

398 3004 707 3082 cupiditate
737 3006 1070 3081 agitabatur,
1107 3006 1200 3060 sua
1234 3007 1434 3080 cuique
1477 3007 1597 3062 satis
1629 3010 1944 3081 placebant.

400 3083 591 3150 Postea
616 3103 750 3140 vero
777 3103 947 3157 quam
969 3084 1031 3138 in
1058 3082 1187 3139 Afia
1211 3086 1420 3161 Cyruss,
1453 3087 1513 3139 in
1537 3086 1751 3142 Graecia
1779 3089 1947 3143 Lace·-

400 3163 690 3234 daemonii,
721 3179 774 3218 et
802 3161 1198 3228 Athenienses,
1232 3183 1442 3239 coepere
1471 3166 1633 3219 urbes
1663 3180 1826 3240 atque
1852 3187 1953 3221 na-

403 3245 582 3298 tiones
638 3242 915 3319 subigere,
974 3243 1294 3324 lubidinem
1348 3242 1688 3301 dominandi
1741 3246 1956 3303 causam

1150 3322 1211 3377 A
1825 3325 1960 3385 belli
