2387 4040
584 328 991 457 LilssssR
1066 388 1117 456 1.
1173 388 1680 460 cmxvm.
1794 394 1923 480 165

360 513 522 571 miffo
550 516 810 590 explorat
851 507 1106 574 accessus.
1174 518 1282 574 Ille
1320 538 1421 594 per
1446 519 1665 577 nostem
1690 518 1934 594 pastorio
2011 580 2021 585 ,

364 592 566 649 habitu
604 596 916 669 speculatus
965 598 1158 653 omnia
1183 597 1375 653 refert.
1462 599 1615 668 Tum
1642 600 1769 654 iter.
1842 598 1934 655 Sic

365 673 568 729 Fabius
588 674 878 731 Maximus
901 676 1418 751 periculofiffimum
1450 678 1665 733 bellum
1697 677 1807 732 {ine
1830 696 1933 750 pe-

365 752 550 808 riculo
604 754 930 829 explicavit.
1017 758 1166 812 Nam
1212 757 1395 811 subito
1419 756 1744 812 inconditos
1771 771 1935 829 atque

366 831 620 905 palantes
657 833 934 909 aggreffus
973 836 1070 901 est,
1119 836 1400 911 captisque
1435 835 1815 909 superioribus
1836 838 1935 911 ju-

369 910 478 985 gis,
511 911 575 966 in
599 910 870 990 subjectos
889 916 1052 986 Jovis
1077 934 1236 971 more
1270 914 1567 970 detonuit:
1664 916 1748 970 Ea
1768 934 1929 967 nam-

365 1008 474 1062 que
499 989 706 1065 species
747 991 858 1048 fuit
907 994 1064 1049 illius
1091 994 1249 1059 belli,
1294 993 1443 1068 quafi
1466 995 1546 1051 ‘in
1573 993 1875 1069 terrigenas
1900 1013 1931 1049 c

367 1069 534 1134 coe10‚
569 1090 630 1127 ac
657 1072 928 1139 nubibuS,
977 1075 1086 1129 tela
1120 1074 1501 1129 mitterentur.
1588 1074 1708 1129 Nec
1737 1073 1933 1127 incru-

368 1162 496 1203 enta
524 1164 710 1205 tamen
737 1150 836 1209 illa
881 1150 1145 1217 νίἃοιὶας
1196 1173 1327 1207 nam
1376 1151 1662 1227 oppressus
1712 1151 1773 1206 in
1814 1151 1937 1207 {inu

364 1227 526 1284 vallis
565 1230 704 1285 alter
731 1230 1050 1287 Consulum
1105 1232 1310 1287 Decius
1336 1250 1492 1287 more
1542 1231 1729 1305 patrio
1757 1229 1932 1285 devo-

367 1320 486 1362 tum
539 1308 666 1363 Diis
713 1310 980 1367 Manibus
1031 1310 1241 1366 obtulit
1292 1325 1483 1385 caput,
1536 1311 1934 1381 solenncmque

367 1383 593 1519 &3²ssss
621 1388 727 1446 suae
775 1391 1257 1446 consecrationem
1300 1391 1362 1447 in
1412 1388 1652 1450 victoriae
1681 1402 1929 1463 pretium

365 1484 424 1519 re
467 1481 609 1543 egit.

761 1656 814 1715 C
899 1654 960 1713 A
1042 1656 1112 1715 Ρ.
1285 1654 1515 1713 XVIII.

559 1815 752 1872 Bellum
789 1813 1139 1884 Tarentinum,
1171 1826 1218 1873 et
1243 1834 1352 1872 cum
1377 1815 1562 1891 Pyrrho
1592 1834 1732 1891 rege.

487 1948 536 2005 E
554 1948 684 2024 QU
705 1950 735 2003 1
755 1950 876 2005 TU
893 1950 950 2006 R
1029 1950 1243 2006 bellum
1296 1949 1695 2016 Tarentinum,
1750 1969 1932 2007 unum

515 2027 746 2101 quidem
779 2029 944 2086 titulo
971 2043 1026 2085 et
1053 2030 1314 2092 nomine,
1358 2028 1449 2087 sed
1476 2028 1705 2085 victoria
1731 2031 1929 2084 multi-

367 2109 539 2183 plex3
589 2108 721 2163 Hoc
749 2109 900 2163 enim
931 2108 1279 2184 Campanos,
1330 2109 1583 2182 Apulos,
1617 2119 1780 2183 atqu’e
1810 2109 1930 2162 Lu-

368 2206 558 2252 canos,
603 2201 659 2242 et
699 2188 1066 2262 caput‘bellss
1118 2188 1485 2252 Tarentinos,
1534 2186 1597 2241 id
1625 2185 1723 2252 est,
1756 2201 1933 2242 totam

369 2264 614 2331 Italiam,
650 2281 704 2322 ct
735 2287 864 2322 cum
892 2266 1002 2322 istis
1047 2267 1315 2322 omnibus
1345 2265 1652 2342 Psi-rhum,
1701 2264 1927 2322 clarifli-

367 2350 533 2402 mum*
553 2345 780 2403 Grae'ciae
806 2364 1019 2420 regem,
1072 2365 1185 2400 una
1209 2345 1385 2400 veluti
1412 2345 1577 2400 ruina
1605 2345 1816 2419 pariter
1838 2344 1929 2400 in-

365 2425 571 2481 volvit:
620 2439 686 2480 ut
711 2424 909 2480 eodem
951 2439 1201 2499 tempore
1246 2439 1300 2478 et
1330 2425 1552 2480 Italiam
1583 2424 1933 2482 consumma·

368 2518 474 2569 ret,
504 2519 560 2559 et
589 2503 982 2560 transmarinos
1011 2503 1333 2579 triumphos
1355 2503 1753 2578 auspicaretur.
1814 2503 1928 2560 Ta-
1972 2568 1980 2577 Ν

366 2598 580 2649 tentus,
613 2583 1170 2640 Lacedaemoniorum
1226 2603 1392 2658 opus,
1435 2583 1707 2640 Calabriae
1748 2602 1932 2657 quon-

368 2661 520 2728 dam,
556 2677 610 2716 et
655 2663 908 2736 Apuliae,
969 2662 1245 2736 totiusque
1290 2664 1544 2720 Lucania:
1590 2677 1779 2736 caput,
1816 2678 1935 2716 tum

365 2742 782 2818 magnitudine,
801 2757 855 2797 et
879 2743 1076 2808 murita,
1107 2757 1385 2818 portuque
1408 2744 1643 2807 nobilis,
1678 2756 1797 2796 tum
1820 2741 1929 2798 mi-

362 2823 552 2879 rabilis
581 2822 712 2878 fituz
769 2823 1008 2896 Quippe
1053 2823 1115 2875 in
1163 2823 1291 2896 ipfis
1318 2823 1600 2880 Adriatici
1648 2822 1819 2876 maris
1847 2819 1930 2874 fa·

362 2901 560 2972 ucibus
587 2902 781 2977 pofita,
813 2903 876 2956 in
903 2918 1095 2955 omnes
1129 2915 1319 2968 terras,
1384 2903 1672 2970 Histriam,
1733 2900 1932 2976 Illyri-

365 2999 518 3046 cum,
550 2981 812 3057 Epirum,
849 2977 1148 3054 Achajam‚
1196 2980 1477 3047 Africam,
1506 2980 1781 3044 Siciliam,
1808 2980 1932 3035 vela

369 3061 570 3116 mittit.
643 3059 917 3114 Imminet
963 3061 1178 3133 portui,
1240 3060 1311 3115 ad
1359 3059 1713 3136 prospectum
1768 3060 1936 3114 maris

373 3139 618 3213 pofitum
635 3137 946 3194 theatrum:
973 3139 1130 3212 quod
1142 3139 1372 3212 quidem
1388 3140 1544 3196 causa
1558 3139 1765 3194 miserae
1788 3139 1930 3194 civi-

365 3216 462 3274 tati
489 3216 594 3272 fuit
609 3216 864 3272 omnium
875 3218 1273 3274 calamitatum.
1298 3221 1487 3276 Ludos
1503 3217 1647 3274 forte
1672 3217 1932 3271 celebra-

363 3297 519 3362 bant,
539 3317 717 3372 quum
730 3296 1134 3372 adremigantes
1151 3298 1329 3354 littori
1346 3300 1630 3356 Romanas
1644 3293 1839 3352 classes
1856 3296 1910 3351 vi

1204 3394 1211 3398 ·
1756 3373 1894 3432 dent
