2387 4040
489 363 626 450 ηε
883 361 967 429 L.
1021 357 1460 432 ANNAEI
1525 361 1650 430 ΡΙ
1690 361 1962 462 ORI·

483 489 616 544 fidia
643 483 910 563 dignitati
937 490 1189 564 paranda
1215 491 1471 565 impulit.
1531 492 1697 546 Forte
1725 506 1857 547 tunc
1886 489 2057 547 Cras-

483 568 569 623 sus
598 587 821 644 genere,
874 566 1111 635 divitiis,
1157 569 1433 646 dignitate
1459 570 1725 626 florebat·
1779 571 1953 627 vellet
1980 584 2061 625 ta-

481 667 614 703 men
642 645 913 703 aufiiores
938 667 1098 721 opeS.
1190 649 1364 704 Caius
1391 649 1572 705 Caesar
1599 649 1943 723 eloquentia,
1999 662 2056 704 et

483 726 707 801 spiritu,
741 746 865 781 ecce
886 727 1008 801 jam
1033 742 1088 783 et
1114 729 1407 789 consulatu
1435 729 1802 785 auevabatur.
1880 729 2055 783 Pom-

431 800 440 807 *
482 808 644 881 peius
673 820 858 862 tamen
887 806 1052 881 super
1079 823 1383 882 utrumque
1430 808 1734 863 eminebat.
1823 807 1912 864 Sic
1942 806 2052 881 igi-

485 900 576 942 tur
605 885 821 944 Caesare
845 886 1178 960 dignitatem
1211 906 1558 961 comparare,
1595 885 1791 944 Crasso
1818 898 2049 961 augere,

486 965 766 1040 Pompeio
816 981 1054 1023 retinere
1081 954 1869 1039 cupientibussomnibusque
1897 965 2052 1039 pari-

484 1061 568 1102 ter
594 1047 860 1120 potentia:
887 1024 1133 1118 cffpidis,
1165 1045 1236 1100 de
1266 1045 1583 1104 invadenda
1623 1045 1941 1119 Republica
1968 1043 2051 1099 fa-

482 1126 589 1182 cile
613 1125 901 1180 convenit.
988 1126 1144 1200 Ergo
1172 1145 1351 1199 quum
1373 1127 1583 1180 mutuis
1606 1125 1826 1183 viribus
1868 1125 1928 1179 in
1961 1124 2049 1178 su-

479 1223 578 1260 um
600 1203 832 1277 quisque
858 1203 1026 1259 decus
1057 1205 1350 1269 niteretur,
1382 1204 1629 1262 Galliam
1683 1203 1867 1260 Caesar
1888 1204 2051 1259 inva-

481 1283 590 1348 dit,
650 1281 870 1338 Craffus
899 1282 1113 1348 Afiam,
1169 1286 1478 1358 Pompeius
1531 1284 1892 1358 Hispaniam,
1940 1298 2049 1337 tres

481 1363 758 1419 maximos
787 1363 1092 1418 exercitus:
1130 1378 1185 1417 et
1213 1363 1277 1418 fic
1308 1367 1460 1420 orbis
1488 1365 1793 1437 imperium
1821 1362 2046 1418 societa-

481 1459 532 1499 te
554 1443 720 1498 trium
741 1443 1071 1517 principum
1093 1458 1420 1515 occupatur.
1466 1444 1673 1498 Decem
1697 1461 1875 1497 annos
1893 1456 2044 1496 trax-

480 1524 524 1578 it
551 1522 647 1579 ista
688 1522 1028 1577 domi-natio.
1115 1520 1345 1591 Exinde
1371 1524 1642 1597 quoniam
1697 1536 1896 1577 mutuo
1927 1541 2046 1576 me-

477 1618 539 1659 tu
562 1603 917 1666 tenebantur,
946 1599 1119 1656 Craffi
1141 1614 1322 1656 morte
1344 1602 1497 1676 apud
1520 1598 1781 1665 Parthos,
1808 1614 1867 1657 et
1886 1621 2044 1657 mor-

480 1698 533 1739 te
593 1682 716 1736 uliae
747 1680 973 1736 Caesaris
1003 1680 1149 1744 filiae,
1177 1701 1298 1754 quae
1332 1684 1511 1755 nupta
1542 1679 1841 1753 Pompeio,
1876 1699 2043 1757 gene·

476 1765 527 1818 ri
575 1761 833 1832 ocerique
872 1759 1235 1816 concordiam
1269 1761 1621 1817 matrimonii¹
1654 1759 1858 1815 foedere
1886 1774 2042 1818 tene·
2133 1821 2141 1826 ,

475 1844 590 1905 bat,
621 1840 801 1894 statim
849 1840 1130 1895 aemulatio
1159 1841 1367 1914 erupit.
1448 1843 1579 1912 Jam
1624 1841 1902 1913 Pompeio
1928 1840 2042 1896 sus-

472 1920 640 1997 peche
667 1918 894 1975 Caesaris
921 1937 1080 1993 opes,
1112 1934 1166 1973 et
1192 1919 1395 1975 Caesari
1426 1920 1772 1995 Pompeiana
1793 1918 2035 1995 dignitas

475 2000 678 2080 gravis.
766 2000 885 2055 Nec
915 1995 1007 2054 hic
1051 1999 1263 2067 ferebat
1291 2018 1504 2073 parem,
1537 2022 1635 2056 nec
1664 1999 1761 2054 ille
1792 1997 2043 2074 superio-

455 2089 612 2137 ‘rem-
696 2077 899 2134 Nefas!
955 2079 1022 2133 fic
1050 2079 1122 2134 de
1160 2080 1485 2155 principatu
1508 2076 1864 2145 laborabant,
1917 2094 2039 2138 tan-

472 2179 641 2237 quam
663 2159 806 2214 duos
834 2159 973 2214 tanti
995 2159 1224 2233 imperii
1242 2158 1469 2214 fortuna
1491 2180 1611 2215 non
1638 2175 1880 2233 caperet.
1934 2162 2038 2216 Er-

472 2260 544 2317 go
575 2240 816 2296 Lentulo
831 2240 1236 2329 ..yMarcelioque
1260 2238 1807 2314 consulibussrupta·
1854 2239 2039 2313 prima

469 2318 875 2396 conjurationis
900 2318 1034 2384 fide,
1063 2319 1133 2374 de
1160 2318 1489 2374 succeflione
1512 2318 1744 2375 Caesaris
1774 2319 2031 2385 SenatuS,

468 2399 531 2454 id
560 2399 633 2453 est
661 2398 963 2473 Pompeius
991 2400 1265 2474 agitabat:
1298 2418 1403 2464 pec
1432 2399 1535 2453 ilie
1551 2400 1850 2464 abnuebat,
1879 2398 1914 2453 fi
1945 2419 2032 2454 ra-

470 2478 548 2533 tio
579 2477 659 2535 sui
709 2479 987 2552 proximis
1015 2477 1257 2534 comitiis
1286 2477 1606 2533 haberetur.
1693 2441 2037 2533 Coniulatus

466 2557 679 2615 absenti
727 2570 894 2631 quem
935 2559 1128 2614 decem
1179 2558 1416 2622 trirbuui,
1469 2556 1682 2613 favente
1728 2558 2032 2631 PompeiO,

466 2657 651 2712 nuper
688 2636 1066 2703 decreverant,
1100 2652 1220 2692 tum
1271 2636 1649 2692 diffimulante
1677 2637 1899 2702 eodem,
1934 2658 2035 2692 ne-

465 2720 718 2794 gabatur.
783 2717 975 2774 Veniret
1002 2728 1048 2772 ec
1067 2724 1253 2790 peteret
1269 2714 1505 2807 majorum
1533 2735 1687 2771 more.
1761 2718 1866 2771 Ille
1896 2736 2036 2772 con·-

465 2812 546 2852 tra
570 2799 816 2871 flagitare
836 2797 1086 2853 decreta.
1123 2817 1206 2855 ac,
1240 2793 1333 2866 nzfi
1362 2815 1414 2850 m
1416 2792 1532 2866 fide
1547 2802 1905 2869 permanerent,
1938 2816 2035 2851 non

363 2877 508 2968 se
531 2876 771 2931 remittere
801 2877 1086 2932 mercium.
1176 2878 1252 2931 Ei
1258 2895 1328 2950 go
1356 2891 1420 2930 nt
1446 2876 1505 2930 in
1539 2875 1748 2931 hostem
1778 2876 2030 2931 decerni-

463 2971 573 3009 tur.
664 2953 774 3021 His
799 2954 984 3012 Caesar
1029 2957 1285 3032 agitatuS,
1334 2955 1517 3011 statuit
1566 2957 1796 3029 praemia
1846 2975 2032 3010 armo·

461 3053 585 3089 rum
616 3033 782 3088 armis
813 3033 1135 3091 defendere.
1202 3036 1392 3090 Prima
1415 3036 1594 3091 civilis
1628 3036 1764 3090 belli
1792 3033 2025 3101 harena,

459 3114 624 3170 ltalia
649 3112 789 3168 fuit:
825 3116 981 3189 cujus
1006 3135 1154 3171 arces
1184 3115 1397 3170 levibus
1424 3114 2028 3189 praesidiis-Pompeius

457 3192 764 3252 insederat.
823 3193 914 3248 sed
946 3195 1139 3250 omnia
1183 3194 1373 3250 subito
1408 3194 1634 3250 Caesaris
1676 3193 1894 3269 impetu
1920 3212 2030 3267 op-

455 3271 636 3348 preffa
654 3273 802 3329 sunt.
851 3274 1040 3329 Prima
1063 3273 1330 3330 Arimino
1352 3274 1500 3349 figna
1526 3274 1849 3329 cecinerunt
1868 3273 2029 3407 Tltzm

1830 3371 1910 3427 pu
1964 3371 2025 3407 us
2071 3366 2090 3378 “
