2387 4040
504 387 632 455 168
799 326 984 465 1434
1009 382 1349 454 NNAEJ
1389 382 1521 453 FL
1548 380 1603 451 0
1630 380 1759 470 Rs!

493 516 747 576 Senatum,
781 510 972 582 Regum
999 504 1271 586 Cory'effiem
1295 505 1390 585 qffi’
1416 510 1847 568 confiterentur.-
1882 521 1909 533 “
1926 507 2051 588 Qui

493 612 670 670 porro
698 591 800 665 ipsi
827 592 1032 656 Duces,
1069 594 1154 647 vel
1185 591 1249 645 in
1277 590 1459 648 castris
1478 590 1505 645 Ρ
1530 610 1707 665 quum
1735 590 2047 656 medicum,

491 673 688 729 venale
708 671 884 746 Regis
914 668 1120 747 Pyrrhi
1141 677 1311 743 caput
1340 668 1686 733 offerentem,
1724 670 1935 726 Curius
1949 690 2049 724 re·

491 751 679 807 misit?
725 750 1008 806 Fabricius
1035 746 1281 807 oblatam
1306 749 1404 803 fibi
1426 770 1459 805 a
1484 751 1641 825 Rege
1662 748 1888 823 imperii
1915 767 2051 823 par·

477 846 606 887 -tem
629 828 994 905 repudiavit?
1013 831 1113 885 Vel
1142 830 1205 884 in
1237 828 1404 902 pace?
1418 848 1594 903 quum
1618 828 1828 884 Curius
1858 828 2053 885 fictilia

477 912 586 966 ·sua
633 910 938 977 Samnitico
965 907 1247 982 praeferret
1294 908 1473 963 auro?
1520 908 1799 963 Fabricius
1854 907 2053 964 decem

491 988 691 1067 pondo
719 990 935 1064 argenti
966 988 1107 1044 circa
1137 987 1415 1043 Rufinum
1451 987 1817 1044 Consularem
1831 988 2041 1051 virum,

489 1069 638 1144 quafi
660 1070 964 1131 luxuriam,
983 1068 1231 1125 censoria
1252 1069 1517 1143 gravitate
1538 1066 1871 1123 damnaret?
1898 1066 2049 1142 Quis

491 1168 626 1225 ergo
657 1148 891 1203 miretur
915 1144 1004 1204 his
1043 1146 1321 1211 moribus,
1367 1146 1471 1203 hac
1520 1148 1731 1203 virtute
1772 1146 2046 1210 militum,

487 1226 760 1284 vi&orem
783 1228 1073 1299 Populum
1088 1228 1415 1281 Romanum
1442 1224 1597 1280 fuiffe
1618 1224 1644 1280 Ρ
1671 1244 1899 1299 unoque
1925 1225 2049 1281 bel-

489 1308 548 1363 lo
573 1307 889 1363 Tarentino
919 1307 1066 1362 intra
1085 1304 1546 1386 quadriennium,
1579 1300 1887 1360 maximam
1912 1324 2046 1379 par·-

491 1401 605 1442 tem
616 1387 814 1450 Italiae,
835 1385 1146 1442 fortiffimas
1169 1398 1381 1460 gentes,
1401 1384 1837 1459 opulentissimas
1852 1387 2040 1447 urbes«.

491 1459 904 1541 uberrimasqffte
966 1467 1225 1542 regiones
1278 1465 1337 1517 in
1358 1506 1368 1519 .
1390 1463 1671 1519 ditionem
1731 1454 1996 1539 r'edegiffe
2017 1461 2045 1517 Ρ

488 1546 576 1601 At
601 1545 739 1620 quid
768 1545 916 1604 adeo
947 1544 1116 1602 fidem
1165 1544 1407 1616 superet,
1459 1562 1627 1617 quam
1677 1542 1711 1596 fi
1760 1543 2047 1617 principia

491 1626 627 1680 belli
655 1644 782 1679 eum
808 1628 966 1680 exitu
987 1623 1391 1681 conferantur?
1419 1621 1635 1679 Vofior
1682 1623 1870 1695 primo
1900 1641 2044 1695 prze-

491 1705 570 1759 lio
599 1700 872 1778 Pyrrhus»,
913 1719 1036 1760 tota
1084 1718 1351 1759 tremente
1392 1703 1577 1766 Italia,
1637 1700 2039 1776 Campaniam,

488 1782 691 1846 Lirim,
716 1783 1093 1858 Fregellasque
1117 1778 1446 1857 populatuS,
1480 1800 1660 1856 prope
1683 1795 1899 1853 captam
1924 1781 2042 1835 Ur-

492 1863 619 1919 bem
647 1880 678 1918 a
709 1862 1042 1919 Proenestina
1083 1882 1203 1919 arce
1243 1862 1567 1937 prospexit:
1618 1875 1671 1915 et
1712 1880 1745 1914 a
1780 1860 2041 1917 vicesimo

491 1942 705 2015 lapide,
739 1944 933 1998 oculos
975 1942 1205 2017 trepidae
1242 1941 1479 2000 civitatis
1510 1939 1671 1995 fumo
1698 1960 1759 2001 ac
1806 1940 2040 2013 pulvere

489 2020 769 2097 implevit.
837 2023 1054 2079 Eodem
1101 2020 1290 2097 postea
1338 2024 1423 2078 bis
1466 2035 1638 2090 ezguto
1692 2016 1896 2085 castris,
1951 2018 2040 2074 bis

491 2102 704 2166 fauci0,
735 2118 791 2157 et
831 2103 894 2158 in
921 2103 1195 2159 Graeciam
1222 2102 1373 2158 suam
1418 2117 1565 2156 trans
1606 2119 1755 2156 mare
1782 2119 1844 2155 ac
1870 2113 2040 2154 terras

491 2181 708 2258 fugate,
740 2203 851 2258 pax
877 2196 932 2238 et
957 2180 1149 2257 quies3
1200 2197 1253 2237 et
1295 2197 1447 2237 tanta
1492 2181 1567 2236 de
1606 2178 2041 2254 opulentiffimis

491 2276 574 2316 tot
601 2264 856 2337 gentibus
883 2262 1081 2336 spolia,
1123 2277 1187 2318 ut
1216 2262 1500 2319 vistoriam
1528 2261 1677 2315 suam
1703 2259 1889 2314 Roma
1915 2277 2038 2314 nou

489 2355 734 2414 caperet.
807 2341 928 2398 Nee
959 2342 1110 2396 enim
1139 2359 1345 2406 temere
1374 2341 1512 2396 alius
1542 2339 1796 2415 pulcrior
1810 2341 1881 2394 in
1924 2340 2041 2394 Ur-

485 2421 732 2474 bem-aut
757 2420 1047 2495 speciofior
1071 2419 1393 2495 triumphus
1419 2421 1671 2476 intravit.
1703 2418 1859 2474 Ante
1884 2417 2041 2475 hunc

486 2496 814 2554 diem-nihil
839 2499 938 2555 nifi
969 2517 1171 2572 pecora
1196 2500 1557 2564 Volscorum,
1588 2519 1779 2574 greges
1798 2497 2038 2555 Sabino-

489 2595 637 2642 rum,
671 2594 933 2654 carpenta
963 2579 1286 2646 Gallorum,
1311 2578 1477 2636 sraela
1496 2579 1833 2641 Samnitium
1860 2594 2033 2644 arma,

487 2655 728 2714 vidiffes.
814 2659 1005 2724 Tunc,
1053 2660 1090 2714 fi
1141 2660 1389 2734 captivos
1442 2660 1730 2734 aspiceres,
1784 2656 2036 2724 Moloffi,

485 2734 759 2803 Theffali,
775 2739 1140 2806 Macedones,
1159 2738 1441 2805 Bruttius,
1459 2739 1709 2813 Apulus,
1733 2752 1894 2811 atque
1921 2737 2038 2792 Lu-

486 2835 688 2872 canus:
734 2817 793 2873 Si
821 2837 1117 2894 pompam,
1165 2838 1389 2882 aurum,
1434 2837 1710 2894 purpura,
1746 2815 1919 2892 signa,
1954 2830 2037 2872 ta·

489 2892 652 2960 bulae,
684 2896 1112 2973 Tarentinaeque
1138 2898 1381 2954 deliciae.
1466 2897 1573 2954 Sed
1597 2895 1743 2952 nihil
1770 2896 2036 2954 libentius

489 2972 741 3048 Populus
783 2977 1077 3032 Romanus
1121 2978 1359 3052 aspexit,
1404 2997 1571 3052 quam
1598 2978 1744 3041 illas,
1790 2996 1923 3050 quas
1962 2981 2041 3035 ita

487 3053 769 3121 timuerat,
800 3073 922 3111 cum
951 3057 1190 3112 turribus
1216 3057 1323 3113 suis
1352 3058 1595 3114 belluas:
1642 3051 1764 3130 'quae
1786 3075 1903 3114 non
1930 3059 2040 3116 fine

483 3131 642 3190 seusu
693 3135 1020 3210 captivitatis
1077 3135 1364 3193 summiffis
1412 3137 1741 3204 cervicibuS,
1796 3137 2028 3196 vufflores
2116 3207 2121 3211 ἢ

489 3231 661 3290 equos
687 3215 1073 3292 sequebantur.

1794 3379 2033 3440 CAP.
