2387 4040
420 380 505 433 ⁴2
682 356 1230 431 C.,CRISPI
1294 356 1939 434 SALLUSTII

462 480 855 551 bellihabene3
905 508 1226 545 maxumam
1249 491 1484 567 gloriam
1512 492 1573 547 in
1604 510 1871 549 maxumo
1900 493 2007 549 im-

462 565 623 644 perio
646 580 873 641 putare:
925 582 1043 623 tum
1071 568 1300 625 demum
1328 572 1580 646 periculo
1620 586 1784 645 atque
1831 592 2007 650 nego-

464 647 554 723 tiis
582 660 945 725 compertum·
962 648 1057 715 est,
1090 650 1151 703 in
1191 650 1342 706 bello
1371 650 1686 727 plurimum
1710 652 2010 730 ingenium

428 718 632 802 'posse-
718 726 899 801 Quod
947 726 982 785 si
1032 725 1227 804 regum
1255 744 1418 805 atque
1445 730 1849 805 imperatorum
1876 733 2000 786 ani-

452 806 535 861 mi
561 804 737 861 virtus
765 804 825 858 in
853 824 988 879 pace
1016 808 1113 872 ita,
1171 822 1235 863 ut
1259 809 1320 863 in
1362 809 1534 873 bello,
1566 810 1794 875 valeret,
1825 830 2006 884 aequa-

451 885 623 942 bilius
649 897 813 957 atque
859 886 1197 960 constantius
1243 885 1349 942 sese
1396 908 1481 943 res
1527 886 1784 945 humanae
1832 888 2004 943 habe-

448 978 607 1027 rent·,
655 981 837 1037 neque
888 964 1045 1020 aliud
1090 966 1206 1022 alio
1254 966 1411 1033 ferri,
1470 986 1653 1044 neque
1705 969 1909 1023 mutari
1937 988 2000 1023 ac

448 1041 669 1100 misceri
698 1044 890 1099 omnia
934 1063 1206 1101 cerneres.
1304 1048 1454 1103 Nam
1502 1046 1810 1121 imperium
1837 1046 1998 1103 facile

444 1122 517 1180 iis
542 1121 753 1178 artibus
775 1124 1066 1189 retinetur,
1083 1126 1290 1199 quibus
1312 1126 1479 1181 initio
1500 1140 1725 1201 parturn
1747 1126 1842 1183 est.
1874 1126 1995 1183 Ve-

445 1222 573 1258 rum
629 1201 727 1256 ubi
782 1219 887 1277 pro
943 1202 1132 1258 labore
1160 1202 1391 1271 desidia,
1435 1223 1542 1283 pro
1570 1206 1917 1261 continentia
1944 1220 1998 1261 et

444 1282 699 1360 equitate
728 1280 929 1337 lubido
958 1296 1122 1357 atque
1151 1282 1414 1358 superbia
1440 1283 1719 1349 invasa-m
1767 1283 1995 1341 fortuna

445 1362 609 1418 fimnl
661 1380 791 1417 cum
842 1360 1097 1417 moribus
1149 1362 1487 1419 inmutatur.
1573 1364 1660 1417 Ita
1688 1364 1991 1439 imperium

364 1484 371 1489 -
446 1442 669 1515 semper
718 1438 791 1496 ad
844 1454 1145 1515 optumum
1197 1460 1476 1516 quemque
1519 1460 1552 1497 a
1603 1442 1792 1499 minus
1840 1444 1993 1499 bono

444 1517 794 1579 transfertur.
868 1522 1015 1596 (λικε
1042 1518 1504 1585 homine-raram,
1533 1520 1824 1599 navigant,
1853 1523 1990 1579 aedi-

442 1602 635 1665 ficant,
664 1598 863 1657 virtuti
891 1598 1084 1655 omnia
1111 1614 1333 1675 parent.
1396 1599 1504 1657 Sed
1532 1600 1701 1659 multi
1729 1602 1990 1657 mortales

441 1676 622 1737 dediti
648 1679 831 1735 ventri
860 1692 1027 1755 atque
1072 1678 1295 1744 somno,
1346 1678 1584 1744 indoffi,
1641 1680 1979 1755 incultique,

439 1760 615 1817 vitam
641 1757 796 1814 sicuti
824 1757 1243 1837 peregrinantes
1265 1758 1586 1835 transigere:
1620 1759 1823 1833 quibus
1850 1780 1991 1835 pro.

438 1838 583 1898 festo
636 1852 831 1893 contra
875 1853 1133 1895 naturam
1184 1857 1392 1913 corpus
1442 1838 1746 1912 voluptati,
1802 1841 1992 1899 anima

433 1919 598 1976 oneri
625 1917 757 1973 fuit.
846 1919 1064 1975 Eorum
1092 1937 1198 1994 ego
1241 1921 1416 1974 vitam
1455 1932 1803 1998 mortemque
1821 1920 1990 1994 juxta

436 1998 686 2073 aestuum,
702 1999 974 2073 quoniam
989 1996 1061 2054 de
1074 2012 1308 2072 utraque
1327 1996 1534 2053 filetur.
1566 1996 1786 2054 Verum
1805 2002 1988 2059 enim..

382 2099 387 2108 ·
435 2097 571 2136 vero
599 2078 647 2134 is
670 2076 904 2134 demum
930 2075 1078 2134 mihi
1103 2077 1312 2143 vivere,
1343 2091 1508 2152 atque
1530 2075 1642 2132 frui
1685 2078 1876 2134 anima
1901 2083 1987 2140 vi-

436 2159 627 2222 detur,
657 2159 757 2232 qni
782 2157 973 2231 aliquo
1002 2177 1075 2212 ne
1114 2157 1236 2232 otio
1265 2157 1540 2222 intentus,
1560 2158 1824 2231 -praeclari
1849 2157 1984 2216 faci·

434 2239 593 2297 noris
620 2253 717 2294 aut
740 2239 870 2292 artis
894 2238 1057 2294 bonae
1078 2177 1286 2292 {amam
1307 2236 1526 2309 quaerit.
1610 2236 1718 2294 Sed
1745 2236 1807 2294 in
1834 2259 1991 2316 mag-

432 2340 511 2376 na
536 2313 938 2404 copi-affetum,
968 2316 1125 2373 aliud
1152 2315 1255 2372 alii
1279 2328 1478 2372 natura
1501 2314 1610 2374 iter
1634 2314 1898 2374 ostendit.

520 2480 641 2537 111.
658 2476 969 2536 Pulchrum
982 2477 1055 2534 est
1065 2477 1207 2533 bene
1219 2475 1395 2533 facere
1407 2473 1761 2552 Reipublicae
1771 2492 1790 2531 ε
1821 2476 1989 2536 etiam

433 2560 577 2617 bene
603 2559 792 2616 dicere
816 2555 971 2614 haud
1016 2556 1322 2616 absurdum
1348 2555 1446 2611 est.
1531 2554 1647 2613 Vel
1685 2574 1845 2630 pace,
1901 2561 1990 2615 vel

435 2640 589 2696 bello
616 2639 829 2696 clarum
855 2637 975 2694 fieri
992 2637 1149 2694 licet.
1196 2637 1269 2691 Et
1293 2635 1396 2710 qui
1421 2634 1620 2699 fecere,
1643 2649 1698 2689 et
1723 2636 1824 2709 qui
1851 2635 1989 2694 fasta

435 2719 680 2776 aliorum
734 2717 1016 2794 scripsere,
1072 2715 1243 2772 multi
1288 2713 1612 2770 laudantur.
1697 2716 1790 2770 Ac
1838 2716 1986 2773 mihi

433 2797 695 2873 quidem,
750 2797 955 2852 tametsi
984 2794 1422 2870 haudquaquam
1459 2803 1563 2868 par
1589 2791 1770 2870 gloria
1796 2794 1986 2868 sequa-

436 2893 531 2934 tur
550 2875 881 2952 scriptorem
906 2872 1266 2950 crans-'torem
1286 2892 1511 2936 rerum3
1561 2887 1748 2928 tamen
1775 2873 1837 2929 in
1866 2875 1985 2950 pri·-

432 2957 541 3014 mis
568 2957 811 3012 arduum
835 2955 1059 3012 videtur
1083 2972 1169 3008 res
1199 2951 1366 3029 gestas
1389 2952 1656 3008 scribere:
1703 2953 1981 3026 primum,

433 3036 589 3111 quod
637 3034 779 3093 sada
822 3033 982 3091 dietis
1008 3033 1137 3088 sunt
1172 3031 1546 3105 exaequanda:
1592 3028 1824 3097 dehinc,
1855 3034 1987 3108 quia

435 3115 716 3192 plerique,
748 3134 875 3189 quae
901 3111 1098 3168 delieh
1125 3109 1578 3186 reprehenderis,
1607 3111 1989 3170 malivolentia

435 3195 728 3252 &invidia
755 3193 902 3250 dian
928 3204 1162 3267 putant:
1209 3190 1312 3246 ubi
1337 3189 1410 3246 de
1435 3209 1640 3267 magna
1675 3191 1879 3268 virtute
1901 3206 1986 3247 at·-

436 3293 547 3350 que
574 3275 759 3351 gloria·
782 3274 1064 3330 bonomm
1108 3287 1408 3338 memores,
1464 3289 1588 3348 quse
1632 3267 1730 3326 fibi
1754 3269 1985 3404 qqisqlue

1829 3367 1910 3405 aci
1934 3367 1986 3405 ia
