2387 4040
497 422 671 490 ηει-
856 398 939 469 L.
1002 396 1424 486 ANNAEI
1481 397 1849 470 FLOR-I

486 520 563 580 bo
608 522 725 581 fato
769 524 997 582 breves:
1068 526 1163 595 sed
1213 528 1356 583 alter
1401 527 1703 603 inglorius.
1805 523 2062 582 Maffiliae

487 606 704 679 qnippe
727 604 937 663 Lucius
964 607 1166 662 morbo
1186 606 1459 662 solvitur:
1495 607 1556 661 in
1583 604 1744 681 Syria
1771 604 1948 662 Caius
1983 620 2061 661 ex

484 683 738 748 vulnere,
796 703 974 759 quum
1020 683 1353 741 Atmeniam
1379 685 1449 741 ad
1479 682 1718 750 Parthos
1745 684 1798 739 se
1834 684 2060 739 subtra-

484 758 715 819 hentem
738 764 964 838 recipit.
1052 764 1383 830 ArmenioS,
1431 763 1571 819 victo
1615 784 1744 839 rege
1772 764 2057 839 Tigrane.

486 838 672 897 innoc
697 861 877 898 unum
898 842 1173 899 servitutis
1199 864 1373 919 genus
1396 844 1700 917 Pompeius
1727 841 2056 906 affueverat,

436 927 448 935 '
488 932 555 975 ut
578 919 814 977 reaores
844 942 876 976 a
900 923 1066 977 nobis
1092 923 1436 997 acciperent.
1503 920 1886 993 Intermiffmn
1915 939 2059 995 crgo

481 999 577 1074 jus
606 1019 708 1073 per
754 998 909 1057 hunc
956 1016 1367 1075 recuperatum,
1414 1020 1536 1056 non
1584 1002 1905 1066 inci-uentu,
1925 1070 1928 1073 ὴ
1949 1016 2060 1055 nee

488 1077 674 1134 inulto
701 1092 883 1134 tamen
910 1080 1238 1136 certamine.
1314 1081 1550 1156 Quippe
1578 1081 1855 1145 Domum,
1878 1098 2058 1155 quem
2113 1073 2119 1080 ’

489 1175 589 1214 rex
641 1158 932 1215 Artaxatis
985 1158 1322 1233 praefecerat,
1395 1159 1644 1215 fimuiata
1693 1158 2054 1233 proditione,

488 1235 719 1293 adortus
745 1238 931 1293 virum
959 1239 1241 1293 intentum
1271 1239 1491 1305 libello,
1522 1258 1715 1311 quem,
1739 1252 1803 1294 ut
1832 1236 2058 1293 thesau-

490 1333 685 1371 rorum
744 1316 985 1371 rationes
1030 1318 1435 1381 continentem,
1515 1318 1632 1391 ipse
1695 1313 2053 1391 porrexerat,

490 1391 700 1453 {iricius
731 1415 792 1450 ac
818 1410 1091 1451 recreatus
1120 1416 1189 1451 cx
1222 1398 1449 1453 vulnere
1470 1397 1532 1450 in
1559 1411 1802 1469 tempus.
1877 1394 2054 1455 Cete-

488 1492 616 1529 rum
642 1476 907 1529 barbarus
930 1475 1183 1550 undique
1223 1474 1422 1530 infesto
1453 1470 1698 1530 ex'ercitu
1727 1470 2048 1549 oppreffus,

488 1552 704 1626 gladio,
736 1567 789 1607 et
818 1572 979 1629 pyra,
1010 1554 1072 1609 in
1096 1572 1264 1625 quam
1293 1552 1651 1631 &perculsus
1679 1553 1927 1615 immisit,
1954 1551 2051 1609 su-

488 1631 701 1706 perstiti
721 1633 1028 1688 etiamnum
1070 1632 1276 1701 Caesari
1307 1632 1596 1689 satisfecit.
1681 1632 1798 1689 Sub
1829 1630 2050 1688 Occasu

487 1726 679 1785 pacata
708 1711 823 1767 fere
864 1713 1051 1766 omnis
1094 1711 1394 1785 Hispania,
1449 1712 1547 1769 nifi
1592 1731 1764 1787 quam
1791 1712 2054 1789 Pyrenaei

486 1788 783 1847 defluentis
812 1789 1053 1863 stopulis
1109 1790 1478 1847 inhia-entem
1531 1792 1760 1849 citerior
1803 1790 2051 1847 alluebat

450 1868 774 1926 'Oceanus.
859 1868 971 1924 Hic
1006 1868 1129 1927 dua:
1156 1862 1496 1929 validiffimae
1527 1885 1738 1945 gentes,
1771 1870 2051 1926 Cantabri

482 1966 540 2010 et
566 1949 795 2006 Astures
844 1948 1125 2005 immunes
1172 1950 1397 2024 imperii
1430 1950 1736 2026 agitabant.
1827 1949 2045 2005 Canta-

486 2036 721 2090 brorum
759 2044 815 2084 et
855 2030 1035 2103 pejor,
1090 2045 1145 2085 et
1182 2030 1370 2095 altior,
1404 2045 1456 2085 et
1485 2029 1661 2104 magis
1694 2031 1952 2104 pertinax
1981 2031 2044 2086 in

482 2107 811 2168 rebellando
839 2108 1058 2163 animus
1085 2109 1228 2174 fuit3
1277 2110 1373 2183 qui
1399 2128 1516 2164 non
1540 2110 1791 2166 contenti
1819 2109 2044 2166 liberta·—

488 2207 601 2246 tem
630 2189 783 2244 suam
812 2186 1139 2254 defendere,
1182 2190 1460 2263 proximis
1507 2189 1674 2245 etiam
1720 2189 2044 2264 imperitare

484 2269 793 2332 tentabant,
832 2268 1214 2342 Vaccaeosque,
1251 2285 1304 2322 et
1331 2267 1702 2344 Curgionios,
1727 2282 1789 2336 et
1837 2269 2043 2324 Autri-

482 2367 657 2426 gonas
682 2347 889 2404 crebris
940 2343 1348 2403 incursionibus
1392 2347 1721 2424 fatigabant.
1807 2349 1881 2404 ln
1910 2346 2038 2426 hoa

480 2429 677 2505 igitur,
704 2426 838 2501 quia
860 2423 1248 2498 vehementius
1272 2447 1430 2502 agere
1453 2427 1880 2493 nuntiabantur,
1916 2447 2038 2484 non

478 2505 745 2562 mandata
794 2505 1106 2580 expeditio,
1149 2505 1242 2560 sed
1292 2506 1512 2580 sumpta
1553 2507 1648 2562 est.
1736 2507 1860 2582 Ipse
1890 2509 2043 2564 venit

474 2585 835 2663 Segisamam.
926 2584 1115 2641 Castra
1146 2580 1510 2659 posuit'inde
1555 2585 1766 2660 partito
1795 2587 2040 2642 exercitu

476 2679 653 2723 tetam
709 2665 773 2720 in
818 2663 972 2720 diem
1014 2667 1316 2740 amplexus·
1364 2663 1754 2732 Cantabriam,
1810 2663 2034 2722 efferam
2106 2710 2120 2720 .

516 2759 727 2810 entem,
771 2747 886 2800 ritu
913 2743 1179 2812 ferarum,
1204 2745 1352 2820 quafi
1379 2744 1650 2821 indagine
1692 2744 2032 2802 debellabat.

477 2765 599 2880 {lec
649 2821 719 2879 ab
760 2821 993 2879 Oceano
1031 2826 1209 2898 quieS,
1244 2844 1422 2898 quum
1475 2823 1666 2880 infesta
1719 2822 1874 2881 claffe
1922 2824 2042 2900 ipsa

472 2921 705 2977 quoque
756 2915 909 2978 terga
956 2901 1200 2960 hostium
1229 2902 1592 2960 caederentur.
1654 2903 1909 2960 Primum
1938 2903 2040 2959 ad-

472 2981 655 3038 versus
686 2979 1002 3037 Cantabros
1024 2983 1125 3037 sub
1157 2983 1438 3046 moenibus
1483 2981 1721 3059 Belgicae
1749 2983 2035 3058 praeliatus

470 3059 569 3116 est.
658 3059 813 3116 Hinc
893 3058 1027 3136 fuga
1081 3061 1143 3116 in
1214 3059 1702 3117 eminentiffimum
1759 3062 2038 3120 Vinnium

474 3153 747 3204 montem,
778 3157 948 3212 quem
974 3140 1145 3195 maria
1191 3141 1350 3215 prius
1394 3139 1636 3207 Oceani,
1681 3160 1853 3215 quam
1881 3161 2037 3198 arma

472 3219 733 3276 Romana
758 3217 1162 3276 ascensura-effe
1188 3219 1566 3280 crediderant.
1653 3219 1854 3277 Tertio
1883 3221 2035 3277 Ara-

472 3295 667 3356 cillum
694 3297 979 3375 oppidum
1008 3319 1211 3377 magna
1236 3301 1293 3358 vi
1325 3314 1625 3376 repugnat.
1675 3298 1924 3377 Captum
1953 3315 2036 3355 ta-

468 3394 477 3400 ·
1902 3397 2036 3435 men
