2387 4040
472 372 603 459 148
708 371 791 441 L.
864 370 1314 444 ΑΝΝΑΙ
1373 372 1780 444 from

459 497 648 554 Latini
674 499 951 576 Tuscique
977 500 1255 557 Pastores:
1291 499 1546 578 Quidam
1569 502 1740 557 etiam
1765 474 2040 557 transma-

459 578 605 633 rini:
655 579 931 657 Phryges,
965 581 1064 655 qui
1094 580 1191 635 sub
1225 581 1429 636 AEnea:
1493 580 1770 647 Arcade-5,
1806 582 1907 662 qui
1936 581 2040 637 sub

455 657 721 714 Evandro
751 659 892 716 duce
919 661 1285 717 influxerant.
1330 661 1420 715 lta
1450 679 1519 714 ex
1543 660 1709 717 variis
1739 661 1890 735 quafi
1920 662 2034 714 ele-

457 739 661 793 mentis
714 739 1076 817 con'gregavjt
1121 759 1328 813 corpus
1375 759 1577 805 unum,
1633 739 2042 816 Populumque

462 817 792 874 Romanum
835 820 950 895 ipse
978 819 1130 875 fecit.
1220 819 1334 878 Res
1361 834 1477 873 erat
1505 819 1674 875 unius
1716 820 1891 875 aetatis
1923 820 2039 875 Po-

462 897 633 969 pulus
675 898 979 956 Virorum.
1065 900 1264 972 Itaque
1308 898 1670 954 matrimonia
1695 917 1727 952 a
1776 898 2039 954 finitimis

461 977 659 1049 petita,
685 981 824 1053 quia
847 988 967 1035 non
990 977 1463 1053 impetrabantur,
1490 997 1664 1034 manu
1687 991 1850 1051 capta
1877 978 2031 1033 sunt.

457 1054 749 1112 Simulatis
789 1060 1005 1133 quippe
1057 1055 1236 1113 Ludis
1292 1056 1674 1131 Equestribus,
1731 1056 2035 1132 VirgineS,

461 1153 584 1207 quae
610 1134 681 1191 ad
710 1136 1082 1210 spetftaeulum
1107 1152 1379 1192 venerant
1407 1134 1593 1210 praeda
1632 1136 1810 1194 fuere.
1899 1137 2041 1194 Haec

461 1214 641 1270 statim
664 1216 820 1271 causa
848 1217 1150 1272 bellorum.
1224 1214 1375 1271 Pulfi
1403 1215 1691 1290 fugatique
1723 1215 2036 1273 Caeninen-

457 1292 558 1348 seS.
650 1294 900 1370 Captum
919 1316 993 1351 ,ac
1046 1294 1313 1360 dirutum*
1332 1295 1406 1350 est
1433 1294 1744 1370 oppidum·
1832 1296 2036 1370 Spolia

457 1372 687 1450 insuper
733 1374 947 1450 Opima
965 1371 1047 1431 ‘de
1075 1375 1256 1451 Rege,
1312 1375 1560 1432 Feretrio
1577 1376 1717 1446 Jovi
1770 1375 2036 1431 manibus

452 1452 564 1509 suis
596 1455 722 1511 Rex
770 1456 1096 1530 reportavit.
1180 1454 1402 1512 Sabinis
1431 1453 1672 1528 proditae
1716 1468 1895 1529 portae
1924 1473 2029 1530 per

449 1534 762 1610 virginem:
826 1553 926 1592 nec
954 1536 1126 1598 dolo;
1188 1533 1280 1590 sed
1335 1533 1525 1607 puella
1573 1535 1823 1608 pretium
1875 1554 2022 1600 rem,

454 1631 626 1687 quam
658 1615 922 1691 gerebant
963 1618 1025 1671 in
1055 1614 1302 1678 finistriS,
1336 1614 1600 1687 petierat,
1632 1612 1877 1668 dubium
1905 1613 2026 1691 cly-

451 1711 613 1767 peos,
645 1713 718 1749 an
741 1695 1011 1750 armillas.
1082 1693 1204 1757 Illi,
1235 1709 1299 1749 ut
1326 1691 1498 1749 fidem
1521 1693 1823 1759 solverent,
1856 1706 1915 1748 et
1936 1694 2029 1749 ul-

453 1770 806 1837 ciscerentur,
842 1773 1081 1850 Clypeis
1110 1774 1369 1829 obruere.
1459 1769 1734 1840 Admiflis
1787 1769 1861 1827 ad
1890 1791 2032 1828 moe-

453 1851 549 1908 nia
601 1849 852 1909 hostibus
880 1868 1043 1912 atrox
1072 1854 1133 1912 in
1182 1852 1306 1927 ipso
1333 1851 1493 1910 aditu
1538 1869 1758 1927 pugna,
1790 1850 1936 1910 adeo
1967 1867 2032 1908 ut

448 1930 734 1988 Romulus
744 1934 949 2005 Jovem
974 1949 1178 2000 oraret,
1192 1926 2030 2003 foedamsuorumfugamsfieret.

448 2011 609 2070 Hinc
638 2016 937 2089 templum,
965 2030 1020 2070 et
1045 2014 1231 2071 Stator
1246 2013 1502 2087 Jupiter.
1583 2008 1849 2067 Tandem
1880 2010 2033 2067 saevi-

452 2094 676 2149 entibus
699 2093 1047 2150 intervenere
1075 2090 1296 2167 Raptae,
1329 2091 1519 2146 laceris
1546 2089 1749 2149 comis.
1792 2087 1884 2146 Sic
1912 2109 2031 2167 pax

454 2170 596 2229 faeta
641 2193 771 2230 cum
818 2173 1014 2240 Tatio,
1045 2172 1333 2247 foedusque
1363 2168 1709 2245 perculsum:
1768 2169 2032 2244 sequuta-

452 2271 563 2325 que
592 2272 676 2308 res
701 2255 843 2310 mira
867 2252 1040 2320 dietu,
1071 2268 1136 2309 ut
1163 2250 1363 2308 reliflis
1392 2249 1611 2306 sedibus
1658 2247 1789 2316 suis,
1822 2268 2034 2305 novam

447 2330 511 2385 in
541 2332 739 2388 urbem
765 2331 944 2388 hostes
972 2331 1374 2409 demigrarent,
1405 2343 1459 2385 et
1485 2349 1614 2384 cum
1647 2329 1885 2387 Generis
1916 2328 2029 2384 suia

452 2410 625 2466 avitas
654 2430 790 2485 opes
814 2431 924 2486 pro
944 2411 1079 2468 dote
1104 2410 1400 2468 sociarent.
1490 2407 1688 2465 Auffls
1714 2407 1870 2465 brevi
1892 2408 2029 2464 viri·
2122 2462 2133 2471 ,

459 2491 584 2554 bus,
619 2487 771 2546 hunc
802 2492 929 2547 Rex
980 2489 1406 2567 sapientissimus
1434 2488 1632 2545 statum
1675 2488 2035 2563 Reipublicae

449 2558 726 2644 imposuit
747 2590 763 2625 z
784 2572 1070 2648 -juventus
1101 2568 1284 2627 divisa
1309 2589 1414 2644 per
1443 2569 1647 2646 tribuS,
1698 2568 1762 2624 in
1786 2566 1947 2642 equis
1974 2582 2040 2624 et·

450 2650 640 2716 armiS,
686 2649 758 2707 ad
788 2651 965 2709 subita
998 2651 1143 2708 bella
1170 2651 1502 2706 excubaret:
1558 2647 1853 2704 confilium
1885 2647 2028 2702 Rei-

456 2731 694 2805 publicae
715 2746 887 2806 penes
910 2732 1061 2789 senes
1082 2730 1234 2797 effer,
1262 2728 1361 2804 qui
1383 2749 1452 2784 ex
1481 2727 1803 2787 anaoritate
1832 2726 2030 2792 Patres,

455 2812 530 2863 ob
554 2824 768 2867 aetatem
811 2813 1019 2868 Senatus
1048 2813 1411 2870 vocabantur.
1494 2807 1602 2864 His
1647 2807 1724 2862 ita
1750 2804 2033 2862 ordinatis

433 2895 711 2962 repente,
755 2909 933 2964 quum
963 2892 1296 2948 concionem
1328 2886 1581 2953 haberet,
1633 2901 1761 2942 ante
1810 2885 2037 2942 Urbem

456 2965 610 3042 apud
655 2969 853 3043 Caprae
906 2970 1198 3045 paludem,
1242 2988 1272 3024 e
1312 2965 1611 3043 conspe&u
1662 2965 1881 3022 ablatus
1932 2963 2029 3023 est.

455 3047 815 3123 Discerptum
838 3051 1012 3124 aliqui
1038 3072 1068 3106 a
1099 3050 1291 3107 senatu
1317 3062 1518 3122 putant
1544 3047 1618 3102 ob
1668 3045 1910 3119 asperius
1941 3045 2033 3101 in·

457 3127 724 3204 geniumz
772 3128 1091 3186 sedxoborta
1122 3126 1435 3202 tempestaS‚
1500 3125 1736 3200 solisque
1765 3124 2065 3192 defeetio(
2136 3146 2145 3157 ³

458 3208 892 3267 consecrationis
922 3211 1158 3285 speeiem
1207 3208 1528 3283 praebuere:
1564 3207 1656 3261 cui
1681 3224 1818 3261 mox
1834 3204 2036 3276 Julius

461 3288 735 3347 Proculus
762 3289 933 3350 fidem
960 3289 1115 3359 fecit,
1145 3289 1328 3347 visum
1356 3306 1387 3341 a
1437 3286 1488 3340 se
1520 3285 1837 3342 Romulum
1880 3281 2033 3357 affir-

1382 3389 1386 3394 ·
1843 3381 2029 3428 mans,
