2387 4040
564 343 968 448 LIBE'R
1047 376 1104 447 1.
1196 378 1401 447 cm.
1446 378 1572 448 x1.
1782 401 1909 470 15⁷

271 563 298 572 ,,
346 518 580 578 perator
599 522 889 563 veneratus
918 505 1014 573 est,
1051 504 1348 582 paflusque
1370 507 1680 570 victoriam,
1706 506 1919 582 templa.

349 584 639 659 promisit:
698 601 752 641 et
795 585 1069 653 reddidit,
1105 589 1274 662 plane
1327 587 1475 662 quafi
1508 585 1917 645 commilitoni-

344 665 477 730 bus,
534 665 661 720 Diis
692 665 1059 742 stipendium.
1150 663 1432 723 Hastenus
1464 687 1570 743 pro
1623 666 1909 722 libertate:

333 762 491 806 ·mox
512 743 582 799 de
610 745 817 803 finibus
846 766 975 801 cum
1001 745 1209 802 eisdem
1235 747 1445 802 Latinis
1473 746 1699 813 assidue,
1730 761 1783 802 et
1808 744 1918 801 fine

277 879 286 882 μ
348 819 603 879 mistione
653 832 972 902 pugnatum
1001 825 1098 881 est.
1185 826 1325 882 Sora
1377 823 1519 901 (quis
1549 825 1799 898 credat?)
1862 839 1916 881 et

349 902 637 978 Algidum
666 908 867 961 terrori
906 905 1167 961 fuerunt:
1202 907 1476 963 Satricum
1505 920 1670 979 atque
1703 904 1918 962 Corni-

350 984 547 1040 culum
573 985 903 1041 Provinciae.
991 986 1077 1041 De
1102 986 1332 1042 Verulis
1358 999 1411 1040 et
1438 985 1669 1042 Bovillis
1699 985 1912 1059 pudet,
1895 1006 1910 1023 ·

350 1061 446 1118 sed
490 1063 986 1138 triumphavimus.
1072 1066 1283 1132 Tibur,
1322 1084 1473 1122 nunc
1502 1064 1912 1131 suburbanum,

350 1158 407 1199 et
433 1143 621 1204 aestivae
651 1144 918 1201 Praeneste
945 1142 1183 1211 deliciae,
1215 1146 1555 1221 nuncupatis
1585 1145 1645 1199 in
1674 1144 1914 1220 Capito-

351 1223 433 1278 lio
486 1225 634 1280 votis
663 1224 1019 1298 petebantur.
1108 1223 1273 1280 Idem
1301 1239 1435 1281 tunc
1490 1223 1724 1290 Faesulae‚
1757 1219 1916 1299 quod

354 1302 544 1359 Garrae
566 1322 785 1378 nuper·
817 1302 978 1359 Idem
1000 1305 1215 1361 Nemus
1239 1303 1568 1370 Aricinum,
1593 1303 1750 1378 quod
1768 1305 1916 1359 Her-

350 1383 551 1460 cynius
576 1382 775 1438 saltus,
810 1384 1094 1460 Fregellae
1127 1381 1286 1459 quod
1311 1382 1703 1439 Gesoriacum.
1736 1383 1914 1437 Tibe-

349 1464 448 1528 ris,
480 1461 636 1538 quod
662 1459 999 1536 Euphrates.
1061 1464 1327 1519 Coriolos
1356 1482 1580 1537 quoque
1607 1457 1778 1537 (proh
1805 1482 1916 1535 pu-

350 1541 519 1614 dor.)
548 1540 739 1607 victos
758 1540 899 1597 adeo
925 1540 1114 1615 gloriae
1138 1541 1270 1608 fuit,
1295 1556 1359 1597 ut
1382 1557 1608 1616 captum
1629 1540 1919 1615 oppidum

350 1622 600 1678 Marcius
633 1621 999 1685 CoriolanuS‚
1033 1622 1178 1696 quali
1206 1622 1600 1685 Numantiam,
1633 1633 1728 1675 aut
1753 1618 1917 1676 Afri·

352 1721 499 1767 cam,
528 1700 752 1757 nomini
784 1699 1060 1758 induerit.
1133 1704 1345 1758 Extant
1369 1716 1423 1756 et
1448 1715 1607 1776 parta
1632 1700 1703 1755 de
1726 1700 1917 1758 Antio

352 1780 559 1855 spolia,
589 1800 708 1856 quae
736 1780 976 1837 Maenius
1004 1781 1065 1835 in
1094 1780 1347 1858 suggestu
1391 1781 1526 1848 fori,
1559 1795 1721 1856 capta
1748 1778 1920 1836 hosti-

352 1881 453 1917 um
479 1860 681 1927 Claffe,
715 1859 953 1916 suffixit:
988 1860 1046 1916 si
1081 1875 1265 1916 tamen
1297 1861 1394 1916 illa
1420 1860 1626 1926 claffi33
1663 1880 1796 1916 nam
1825 1860 1920 1917 sex

354 1939 510 1998 fuere
531 1940 793 1997 rostratae.
851 1938 959 1995 Sed
991 1938 1083 1996 hic
1112 1960 1378 1996 numerus
1406 1941 1515 1995 iuis
1544 1940 1724 1996 initiis
1748 1957 1917 1996 nava-

349 2023 402 2078 le
431 2023 641 2078 bellurn
670 2019 802 2077 fuit.
893 2019 1315 2079 Pervicacissimi
1353 2034 1536 2077 tamen
1585 2018 1919 2076 Latinorum

352 2103 543 2175 AEqui,
575 2116 630 2156 et
654 2098 849 2158 Volsci
881 2098 1058 2165 fuere,
1090 2115 1143 2154 et
1169 2099 1517 2174 quotidiani,
1551 2114 1614 2154 ut
1644 2101 1723 2154 ita
1749 2098 1915 2155 dixe-

348 2183 482 2245 rim„
511 2180 715 2237 hostes.
791 2177 899 2235 Sed
927 2178 1035 2235 hos
1063 2181 1345 2255 praecipue
1375 2180 1580 2235 Lucius
1611 2178 1916 2254 Quinctius

351 2260 598 2326 domuit,
644 2262 739 2315 ille
768 2258 1021 2315 Distator
1068 2261 1135 2315 ab
1165 2272 1382 2314 aratro·
1444 2258 1543 2333 qui
1591 2257 1916 2324 obseffa,ac

349 2360 519 2433 piene
529 2341 649 2417 jam
675 2354 834 2414 capta
882 2340 951 2395 L.
987 2339 1232 2396 Minucii
1257 2338 1504 2394 consulis
1531 2338 1722 2404 castra,
1759 2356 1916 2416 egre-

348 2421 442 2497 gia
467 2420 672 2498 virtute
723 2418 975 2475 servavit.
1060 2418 1322 2474 Medium
1355 2431 1469 2474 erat
1498 2417 1639 2474 forte
1686 2432 1910 2495 tempus

346 2500 629 2566 sementis,
663 2519 841 2573 quum
881 2496 1186 2554 Patricium
1215 2499 1484 2565 Virum,
1471 2498 1739 2555 innixum
1786 2520 1908 2554 ara-

345 2595 436 2636 tro
458 2572 581 2647 suc,
613 2579 774 2636 listor
832 2579 894 2635 in
919 2577 1043 2652 ipso
1071 2595 1243 2653 opere
1270 2575 1907 2670 deprehendit51nde

344 2661 408 2716 in
431 2660 608 2715 aciem
641 2656 944 2733 profectus,
974 2676 1044 2712 ne
1070 2656 1213 2730 quid
1241 2680 1272 2714 a
1299 2657 1486 2713 rustici
1509 2660 1697 2731 operis
1721 2658 1905 2712 imita-

344 2740 503 2796 tione
549 2739 792 2804 ceffaret‚
824 2737 1000 2794 victos
1049 2754 1209 2792 more
1234 2736 1520 2813 pecudum
1542 2736 1659 2803 -sub
1697 2738 1906 2813 jugum

341 2819 509 2875 milit.
564 2819 653 2876 Sic
680 2817 1045 2893 expeditione
1074 2816 1254 2884 finita,
1287 2816 1457 2873 rediit
1484 2816 1555 2872 ad
1584 2818 1752 2873 boves
1778 2838 1901 2886 rur·

341 2900 453 2966 sus,
487 2897 839 2971 triumphalis
865 2897 1131 2973 agricola.
1181 2896 1381 2953 Fidem
1405 2897 1757 2955 Numinum!
1790 2916 1903 2972 qua

337 2980 630 3036 velocitate
649 2978 682 3033 Ρ
721 2980 868 3035 intra
893 2974 1223 3051 quindecim
1248 2976 1368 3033 dies
1410 2991 1674 3052 caeptum,
1706 2997 1900 3051 perac-

341 3073 572 3134 tumque
600 3058 672 3113 est
697 3057 942 3114 bellum:
1002 3056 1227 3130 prorsus
1255 3071 1319 3114 ut
1347 3056 1615 3115 festinass‘e
1644 3055 1900 3115 Distator

311 3137 412 3194 ‘ad
443 3138 695 3196 reliaestum
718 3155 861 3212 opus
886 3134 1187 3196 videretur.

1083 3377 1138 3436 Ο
1646 3366 1959 3451 CAPss,
