2387 4040
474 371 606 437 268
709 369 788 438 L.
854 366 1284 441 ANNAEI
1353 372 1798 443 FLORI'

368 504 391 527 ·
472 494 541 549 tis
569 496 793 551 tumidae
838 499 1087 573 gentium
1114 500 1428 577 inflataeque
1469 504 1705 559 cervices
1733 503 1802 572 ab
1833 503 2032 577 impo-

467 573 565 627 fito
590 594 774 648 nuper
810 578 953 651 jugo
1006 579 1341 650 refiliebant.
1429 580 1529 636 Ad
1569 582 2032 657 Septentrionem

466 652 723 713 &unversa
750 654 922 711 ferme
947 658 1116 733 plaga
1142 659 1380 716 ferocius
1399 661 1626 735 agebat:
1688 661 1915 726 Norici,
1947 662 2034 715 11-

461 730 622 805 lyrii,
655 733 964 799 Pannonii,
992 736 1285 805 Dalmatae,
1317 740 1482 815 Myfi,
1509 740 1756 797 Thraces
1785 756 1837 795 et
1861 740 2029 802 Daci..

462 810 719 868 Sarmatae
751 827 913 888 atque
941 814 1234 872 Germani.
1323 817 1548 874 Noricis
1579 820 1793 875 animos
1820 818 2037 873 dabant

463 889 646 965 Alpes
678 906 841 966 atque
870 894 1049 958 nives,
1082 915 1196 969 quo
1227 897 1442 953 bellum
1468 918 1588 953 non
1629 893 1804 972 posset
1839 898 2032 953 ascen-

460 966 627 1024 dere:
660 970 750 1026 sed
776 970 971 1027 omnes
996 973 1151 1029 illius
1179 976 1424 1031 cardinis
1449 978 1722 1051 ΡορυΙοε,
1742 978 2027 1039 Brennus,

457 1048 704 1105 Senones
750 1065 919 1125 atque
963 1050 1300 1113 Vindelicos
1344 1074 1447 1129 per
1533 1054 1820 1131 rivignum
1870 1055 2037 1111 suum

456 1124 774 1184 Claudium
820 1131 1066 1191 Drusum
1096 1135 1438 1207 perpacavit.
1489 1076 1640 1210 ἵλαοι*
1671 1134 1842 1190 fuerit
1871 1135 2032 1189 calli-

453 1204 653 1261 darum
685 1210 948 1283 gentium'
986 1208 1197 1276 feritas,
1233 1211 1390 1268 facile
1431 1214 1520 1269 vel
1551 1214 1820 1269 mulieres
1843 1213 2030 1268 osten-

454 1284 619 1348 dere3
648 1306 793 1360 quae,
826 1287 1213 1347 deficientibus
1236 1291 1383 1356 telis,
1411 1292 1652 1348 infantes
1682 1293 1834 1367 ipsos
1857 1290 2032 1347 afflic-

392 1398 395 1403 -
456 1379 541 1421 tos
572 1362 750 1423 humo
780 1367 842 1423 in
872 1388 969 1423 ora
1016 1367 1265 1427 militum
1294 1371 1516 1427 adversa
1563 1372 1858 1428 miserunt.
1949 1372 2034 1425 11-
2113 1410 2134 1418 a

456 1445 590 1521 lyrii
628 1466 853 1526 quoque
881 1447 981 1503 sub
1022 1444 1276 1523 Alpibus
1319 1464 1518 1525 agunt,
1559 1451 1803 1525 imasque
1857 1450 2034 1507 valles

378 1569 381 1574 ,
445 1544 666 1599 βεαυτψ
740 1544 799 1582 ac
855 1524 1111 1600 quaedam
1163 1528 1308 1603 quasi
1363 1528 1618 1595 claustra,
1677 1529 2025 1593 custodiunt,

392 1674 395 1677 ὴ
452 1604 703 1681 abruptis
736 1605 1079 1661 torrentibus
1116 1607 1414 1682 impliciti.
1501 1608 1576 1663 In
1605 1607 1709 1663 hos
1734 1608 2022 1683 expediti-

454 1686 624 1739 o'nem
652 1684 771 1759 ipse
796 1684 1023 1759 sumpsit
1049 1684 1283 1759 fierique
1297 1701 1498 1761 pontes
1530 1688 1852 1761 imperavit.
1904 1686 2018 1741 Hic

454 1760 517 1815 se'
536 1778 589 1819 et
616 1764 771 1837 aquis
792 1778 846 1817 et
868 1762 1021 1818 hoste
1044 1766 1421 1832 turbantibus,
1450 1764 1730 1821 cundianti
1744 1765 1814 1821 ad
1838 1766 2028 1821 ascen-

456 1840 577 1899 sum
604 1843 772 1898 militi
804 1842 1019 1897 scutum
1048 1844 1119 1901 de
1149 1864 1320 1899 manu
1350 1845 1574 1919 rapuit:
1624 1844 1768 1899 etin
1795 1845 1882 1901 via
1904 1845 2027 1919 pri-

459 1940 603 1989 mus,
638 1938 769 1978 tunc
814 1923 1039 1997 agmine
1093 1923 1350 1996 sequuto‚
1383 1943 1560 1997 quum
1590 1923 1852 2000 Illyricus
1880 1924 2030 1979 mul-

463 2001 707 2057 titudine
737 2015 973 2076 pontem
1028 2001 1352 2070 succidisset,
1411 2002 1623 2059 saucius
1654 2005 1914 2060 manibus
1965 2024 2028 2058 ac

464 2081 742 2145 cruribuS,
774 2081 1070 2155 speciosior
1089 2083 1469 2158 sanguines&
1497 2083 1618 2157 ipso
1642 2085 1896 2157 periculo
1924 2103 2028 2139 au-

460 2160 689 2234 gustior,
726 2175 875 2235 terga
904 2157 1148 2218 hostium
1178 2161 1504 2234 percecidit.
1582 2161 2031 2217 Pannoniiduo-

428 2239 558 2294 ·bus
588 2239 839 2305 saltibuS‚
887 2259 948 2294 ac
986 2242 1161 2296 tribus
1192 2240 1403 2306 fluviis,
1435 2241 1662 2306 Drav03
1715 2240 1856 2297 Savo
1897 2239 2031 2310 His„-

464 2331 663 2392 troque
691 2319 1065 2374 vallabantur.
1133 2319 1404 2393 Populati
1433 2320 1749 2392 proximo-⁶⁵,
1783 2320 1928 2374 intra
1953 2319 2028 2373 ri-

462 2417 559 2470 pas
604 2398 655 2452 se
694 2398 1062 2470 recipiebant.
1152 2399 1223 2450 In
1271 2395 1374 2453 hos
1437 2397 1758 2453 domandos
1803 2398 2034 2454 Vibium

461 2475 631 2530 misit.
724 2475 857 2531 Caefi
889 2477 1014 2532 sunt
1046 2478 1107 2532 in
1130 2476 1376 2550 utrisque
1407 2475 1758 2532 fluminibus·
1849 2477 2034 2532 Arma

460 2553 735 2610 viciorum
772 2574 891 2609 non
922 2575 989 2611 ex
1042 2574 1198 2610 more
1240 2556 1374 2610 belli
1405 2571 1678 2623 cremata-3
1726 2554 1823 2612 sed
1871 2571 2034 2630 capta

450 2634 611 2700 sunt,
644 2633 783 2688 etin
826 2634 1170 2708 profluentes
1213 2635 1380 2690 datar
1425 2650 1488 2694 ut
1529 2636 1747 2701 ceteris,
1809 2636 1909 2708 qui
1942 2656 2031 2690 re-

463 2713 735 2778 sistebant,
780 2713 1014 2780 vicioria
1042 2714 1108 2770 fic
1140 2715 1519 2784 nuntiaretur.
1609 2715 1880 2770 Dalmata:
1910 2715 2036 2788 ple·-

462 2812 699 2867 rumque
728 2792 824 2846 sub
850 2793 990 2849 filvis
1019 2807 1226 2868 agunt:
1259 2793 1393 2848 inde
1407 2793 1782 2867 inJatrocinia
1797 2811 2037 2867 promp-

462 2871 673 2927 tiffimi.
764 2871 887 2925 Hos
908 2874 1027 2946 jam
1074 2871 1306 2945 quidem
1347 2871 1590 2936 Marcius
1635 2871 1858 2927 incensa
1898 2874 2038 2926 urbe

461 2950 754 3005 Delminio
806 2951 954 3023 quasi
1005 2949 1461 3006 detruncaverat:
1557 2950 1745 3026 postea
1805 2950 2036 3006 Asinius

460 3029 653 3098 Pollio
684 3029 968 3104 gregibus,
1000 3029 1191 3094 armis,
1225 3031 1393 3103 agris,
1427 3031 1754 3086 multaverat
1801 3027 1914 3097 (hic
1945 3030 2026 3084 se-

458 3108 680 3163 cundus
721 3108 927 3180 orator)
976 3106 1066 3162 sed
1119 3106 1405 3182 Augustus
1447 3107 1870 3184 perdomandos
1925 3109 2036 3164 Vi-

466 3187 559 3242 bio
587 3185 847 3241 mandat:
895 3187 991 3260 qui
1022 3184 1254 3242 efferum
1283 3205 1457 3262 genus
1491 3185 1684 3242 fodere
1713 3202 1881 3252 terras
1906 3207 2035 3244 coe-

453 3267 569 3342 git,
630 3285 935 3342 aurumque
985 3266 1138 3346 venis
1184 3284 1514 3342 repurgare:
1579 3265 1734 3349 quod
1759 3266 1870 3325 alio
1893 3268 2036 3340 quin

1902 3364 2039 3422 gens

2353 2607 2360 3004 ψ,
2331 896 2360 2564 ..μ-*ψ
2297 10 2360 885 *A
