2387 4040
348 386 804 465 BELLUM
856 350 1707 464 ὲΑΤιιιΝΑιὶιυΜ.
1844 414 1924 480 19
1989 476 1996 483 ‚

366 519 872 597 improvisodomi
903 520 1006 577 suae
1038 522 1360 596 inparatum
1388 518 1714 575 confodere.
1807 519 1929 574 Cu-

368 601 491 656 rius
512 600 609 656 ubi
631 601 924 676 intelligit,
942 615 1217 673 quantum
1240 600 1557 672 periculum
1574 598 1812 654 Consuli
1835 597 1927 652 in·

365 680 638 754 pendeat,
683 698 927 755 propere
955 697 1056 753 per
1102 676 1360 745 Fulviam
1391 676 1659 732 Ciceroni
1703 677 1923 742 dolum,

371 760 474 832 qui
503 760 820 833 parabatur,
853 758 1134 813 enunciat.
1195 758 1283 810 Ita
1305 755 1395 810 illi
1414 757 1590 829 janua
1617 755 1921 830 prohibiti,

375 853 596 893 tantum
625 837 840 892 facinus
869 834 1063 890 frustra
1090 835 1468 908 susceperant.
1520 835 1737 889 Interea
1763 837 1927 891 Man-

374 915 486 971 lius
526 916 586 970 in
615 917 839 971 Etruria
885 916 1107 990 plebem
1134 913 1436 979 solicitare,
1488 912 1717 989 egestate
1745 914 1926 978 fimul,

373 1016 436 1049 ac
459 996 688 1050 dolore
676 994 920 1070 injuriae,
948 1013 1221 1049 novarum
1235 1010 1420 1047 rerum
1443 991 1748 1082 cupidam,
1777 991 1933 1067 quod

374 1075 543 1129 Sullae
572 1072 982 1139 dominatione,
1017 1092 1198 1146 agros»,
1233 1072 1491 1145 bonaque
1520 1071 1712 1126 omnia
1739 1069 1931 1126 amise-

375 1169 500 1218 rat·,
538 1167 829 1227 praeterea,
859 1153 1101 1206 latrones
1123 1148 1386 1225 cujusque
1417 1150 1655 1225 generis,
1688 1169 1934 1223 quorum

374 1232 442 1285 in
465 1252 526 1285 ea
551 1231 782 1306 regione
811 1250 1011 1305 magna
1033 1229 1199 1304 copia
1220 1244 1356 1293 erat,
1387 1229 1696 1284 nonnullos
1716 1247 1783 1283 ex
1804 1229 1929 1284 Sul-

374 1310 520 1365 lanis
549 1310 788 1400 colonis»,
813 1310 1016 1383 quibus
1040 1306 1239 1363 lubido
1258 1322 1422 1382 atque
1443 1308 1665 1364 luxuria
1684 1326 1755 1364 ex
1775 1327 1931 1383 mag-

377 1390 469 1444 nis
497 1389 713 1464 rapinis
742 1386 889 1443 nihil
918 1387 1133 1461 reliqui·
1148 1385 1413 1441 fecerant.

467 1547 681 1602 XXX.
717 1549 797 1604 Ea
826 1565 955 1602 cum
997 1543 1267 1601 Ciceroni
1295 1545 1727 1610 nunciarentur3
1782 1548 1934 1601 anci-

381 1627 491 1704 piti
518 1627 667 1682 malo
698 1642 1009 1701 permotus,
1040 1624 1199 1699 quod
1246 1643 1427 1698 neque
1455 1625 1669 1680 Urbem
1707 1626 1776 1680 ab
1804 1626 1933 1680 infi-

384 1706 496 1761 diis
523 1707 746 1779 privato
770 1705 998 1760 confilio
1026 1704 1254 1779 longius
1284 1704 1426 1758 tueri
1456 1719 1695 1778 poterat,
1728 1725 1964 1780 nequest

383 1786 657 1840 exercitus
685 1784 889 1838 Manlii
918 1798 1186 1857 quantuS,
1222 1798 1317 1837 aut
1363 1802 1477 1857 quo
1504 1782 1734 1838 consilio
1764 1782 1928 1867 soret,

386 1863 512 1919 satis
535 1877 889 1937 compertum
917 1859 1181 1925 habebat,
1209 1881 1326 1916 rem
1355 1861 1425 1915 ad
1448 1862 1712 1917 Senatum
1740 1848 1928 1925 refert,

373 1946 495 2020 jam
523 1957 684 1996 antea
721 1942 877 2017 volgi
905 1931 1226 1996 rumoribus
1266 1941 1623 2015 exagitatam.
1713 1942 1930 2016 Itaque,

381 2022 537 2097 quod
584 2020 959 2095 plerumque
945 2039 1005 2074 ln
1045 2022 1220 2076 atroci
1247 2022 1477 2096 negotio
1518 2019 1675 2084 solet,
1708 2018 1937 2075 Senatus

380 2103 651 2162 decrevit,
687 2101 881 2155 Daren!
925 2105 1117 2172 operam
1147 2096 1391 2171 Consules,
1422 2119 1483 2154 ne
1509 2100 1626 2173 quid
1651 2098 1941 2171 Respublica

381 2182 659 2238 detrimenti
686 2186 895 2252 caperet.
981 2181 1059 2234 Ea
1088 2179 1327 2251 potestas
1364 2196 1467 2250 per
1492 2178 1781 2241 Senatum,
1815 2198 1938 2231 mo-

389 2280 446 2316 re
497 2261 786 2324 Romarm,
844 2255 1185 2334 magistratui
1239 2274 1536 2311 maxuma:
1599 2255 1944 2330 permittitur

393 2339 700 2394 exercitum
746 2355 961 2411 parare,
1009 2335 1222 2390 bellum
1266 2352 1474 2409 gerere,
1523 2351 1772 2388 coercere
1819 2351 1941 2389 orn-

390 2420 559 2474 nibus
602 2417 787 2472 modis
834 2415 1030 2479 socios,
1067 2429 1243 2487 atque
1263 2414 1429 2468 civis:
1478 2413 1661 2479 domi,
1700 2412 1945 2473 militiae-

391 2517 501 2571 que
529 2496 861 2571 imperium,
895 2510 1056 2568 atque
1078 2491 1367 2566 judicium
1396 2492 1676 2548 summum
1703 2490 1938 2550 habere.

396 2576 579 2640 aliter,
610 2577 719 2629 fine
748 2575 953 2649 populi
974 2572 1146 2649 jullu,
1178 2572 1326 2626 nulli
1346 2590 1538 2628 earum
1564 2591 1752 2627 rerum
1782 2571 1943 2630 Con..

397 2655 501 2710 suli
519 2656 623 2729 jus·
642 2655 739 2709 est.

485 2812 730 2868 XXXI.
785 2811 912 2868 Post
939 2831 1145 2885 paucos
1185 2810 1327 2878 dies,
1360 2811 1429 2868 L.
1481 2810 1678 2870 Senius
1717 2813 1949 2870 Senator

399 2893 462 2947 in
483 2892 686 2948 Senatu
701 2894 907 2947 litteras
929 2891 1211 2981 recitavit,
1224 2911 1358 2964 quas
1380 2894 1422 2947 F
1426 2891 1601 2949 aesulis
1620 2893 1828 2949 adlatas
1850 2893 1948 2948 fibi

400 2972 622 3026 dicebat
647 2992 677 3026 a
708 2970 934 3047 Quinto
956 2970 1161 3035 Fabi03
1170 2970 1257 3024 in
1280 2971 1485 3044 quibus
1512 2972 1782 3048 scriptum
1803 2988 1939 3037 erat,

404 3051 479 3105 C.
512 3050 795 3105 Manlium
823 3067 974 3103 arma
999 3012 1219 3123 cepille,
1244 3069 1374 3104 cum
1401 3069 1604 3125 magna
1630 3052 1951 3106 multitudi-

400 3149 495 3194 ne,
528 3145 655 3184 ante
682 3128 834 3182 diem
857 3127 1073 3182 sextum
1098 3127 1480 3183 Calendarum
1502 3130 1946 3185 Novembrium·

392 3209 578 3273 fimul,
614 3207 676 3263 id
702 3206 902 3280 quod
887 3226 950 3261 in
979 3208 1053 3261 tal
1082 3226 1139 3261 re
1166 3206 1324 3270 solet,
1356 3207 1454 3261 alii
1500 3223 1758 3283 portenta
1784 3223 1949 3279 atque

402 3288 671 3363 prodigia
716 3285 1090 3342 nunciabant:
1136 3286 1258 3353 alii,
1301 3301 1610 3346 conventus
1654 3286 1775 3344 fieri
1802 3306 1955 3342 arma

1703 3368 1943 3442 portari·
1931 3406 1946 3432 ,
