2387 4040
553 351 1056 422 BELLUM
1094 347 1708 449 JUG-URTH.
1809 375 1939 444 113

357 501 629 558 pergere:
667 481 1015 558 Cyrenenses
1047 480 1261 539 tardius
1284 480 1420 539 iere.
1479 481 1549 538 Id
1578 480 1925 548 secordiane,

357 584 435 620 an
466 562 599 622 casu,
631 561 918 629 acciderit,
951 582 1152 637 parum
1178 563 1448 639 cognovi.
1537 562 1808 621 Ceterum
1836 561 1929 618 so-

359 644 440 699 let
461 644 523 698 in
547 642 662 698 illis
683 640 821 699 loeis
844 642 1130 717 tempestas
1154 640 1311 699 haud
1334 643 1506 709 secus»,
1530 657 1695 718 atque
1720 644 1781 699 in
1808 663 1927 698 ma·-

361 725 412 779 ri
442 723 706 780 retinere.
795 725 970 789 Nam,
1003 724 1101 779 ubi
1125 743 1228 798 per
1258 724 1380 778 loca
1410 724 1663 796 aequalia,
1694 739 1747 778 et
1774 721 1932 780 nuda

362 804 728 881 gignentium
769 818 969 872 ventus
998 819 1223 860 coortus
1266 822 1490 858 arenam
1519 799 1696 859 humo
1722 804 1930 860 excita-

360 886 468 948 vit,
500 904 562 942 ea
614 902 821 958 magna
849 885 905 939 vi
934 884 1157 960 agitata,
1190 903 1311 950 ora,
1363 881 1666 974 oculosque
1708 880 1932 957 inplere

362 964 532 1021 solet:
568 964 645 1018 ita
673 961 969 1039 prospectu
997 965 1286 1038 inpedito,
1320 964 1528 1019 morari
1554 963 1682 1018 iter.
1774 960 1932 1018 Post-

360 1064 531 1119 quam
580 1043 931 1120 Cyrenenses
958 1045 1250 1118 aliquanto
1280 1043 1608 1119 posteriores
1637 1042 1688 1099 se
1715 1040 1817 1098 effe
1845 1044 1934 1100 vi·

359 1125 521 1190 dent,
554 1138 616 1178 et
631 1125 705 1179 ob
731 1144 851 1179 rem
874 1139 1199 1200 corruptam
1226 1125 1387 1181 domi
1411 1144 1603 1199 poenas
1630 1138 1928 1192 metuunt;

360 1203 653 1261 criminari
696 1203 1192 1280 Carthaginienses
1219 1219 1347 1260 ante
1376 1219 1595 1279 tempus
1634 1204 1812 1261 domo
1838 1204 1932 1262 di-

366 1283 605 1362 greffos3
661 1285 996 1339 conturbare
1025 1305 1179 1351 rem3
1238 1284 1483 1358 denique
1509 1285 1703 1340 omnia
1743 1287 1936 1348 malle,

363 1385 536 1440 quam
560 1363 691 1421 victi
717 1364 897 1420 abire.
984 1364 1092 1422 Sed
1120 1383 1252 1422 curn
1281 1365 1444 1421 Poeni
1474 1363 1643 1419 aliam
1684 1363 1935 1420 conditi·

365 1465 559 1511 onem,
595 1444 995 1502 tantummodo
1024 1465 1265 1520 aequam,
1297 1456 1574 1520 peterent,
1612 1444 1795 1500 Graeci
1823 1463 1934 1520 op·

366 1526 584 1582 tionem
637 1523 1196 1603 Carthaginienssum
1224 1523 1461 1589 faciunt,
1494 1533 1549 1577 ut
1575 1524 1657 1579 vel
1678 1522 1777 1590 illi,
1822 1539 1940 1599 quos

345 1599 480 1677 finis
501 1605 674 1678 populo
681 1604 781 1678 suo
805 1611 1045 1678 peterent,
1070 1605 1142 1661 ibi
1162 1606 1270 1662 vivi
1297 1605 1640 1667 obruerentur3
1666 1603 1748 1660 vel
1769 1606 1938 1662 eadem

362 1686 635 1743 condztzone
636 1684 772 1761 sse,
801 1705 938 1760 quem
956 1686 1185 1742 inlocum
1203 1685 1404 1752 vellent,
1422 1681 1757 1764 proceſj'icrose
1794 1684 1936 1742 Phi-

363 1767 515 1833 laeni,
559 1765 888 1824 conditione
935 1769 1191 1841 probata,
1227 1767 1410 1842 seque,
1440 1767 1729 1842 vitamque
1777 1765 1934 1824 suam

364 1847 716 1921 Reipublicae
755 1846 1180 1904 condonavere.
1239 1848 1315 1902 ita
1341 1846 1453 1903 vivi
1483 1846 1698 1903 obruti.
1789 1846 1935 1903 Car·

273 1973 284 1978 -
365 1925 744 2006 rhaginienses
797 1929 858 1984 in
900 1939 969 1984 eo
1018 1930 1145 1984 loco
1192 1927 1462 1986 Philaenis
1505 1925 1765 1982 fratribus
1816 1945 1935 1983 aras

365 2007 777 2065 consecravere·
764 2030 780 2073 ·‚
815 2008 1024 2084 aliique
1054 2009 1168 2066 illis
1196 2007 1357 2066 domi
1383 2007 1632 2066 honores
1661 2005 1931 2065 instituti.
1962 2028 1967 2037 ·

367 2089 538 2146 Nunc
567 2088 640 2144 ad
664 2108 783 2145 rem
811 2089 1003 2147 redeo.

453 2250 780 2308 LXXXII.
823 2248 1113 2327 jugurtha
1141 2248 1456 2325 postquam,
1504 2244 1691 2307 amiss'a
1718 2246 1927 2315 Thala,

367 2329 514 2388 nihil
539 2331 664 2388 satis
706 2330 937 2387 firmum
982 2346 1178 2387 contra
1226 2330 1524 2389 Metellum
1576 2345 1772 2407 putat3
1826 2350 1931 2407 per

366 2432 592 2504 magnas
624 2411 955 2468 solitudines
993 2431 1122 2469 curn
1155 2412 1346 2487 paucis
1394 2410 1696 2487 profectus,
1729 2431 1929 2489 perve-

367 2493 454 2549 nit
474 2492 546 2549 ad
570 2492 847 2556 Gaetulos,
876 2512 1049 2567 genus
1069 2492 1371 2551 hominurn
1392 2492 1599 2559 ferum,
1618 2495 1930 2550 incultum·

366 2593 495 2648 que,
541 2587 596 2628 et
624 2592 690 2629 eo
741 2588 996 2646 tempore
1037 2575 1298 2664 ignarum
1349 2575 1596 2629 nominis
1648 2573 1926 2628 Romani.

366 2655 579 2710 Eorum
609 2653 1039 2710 multitudinem
1079 2656 1140 2709 in
1170 2673 1351 2709 unum
1379 2655 1564 2729 cogit.
1619 2673 1681 2707 ac
1709 2648 1928 2727 paulla-

368 2734 469 2789 tim
498 2731 833 2789 consuefacit
858 2733 1084 2789 ordines
1110 2733 1337 2798 habere,
1371 2733 1520 2808 figna
1546 2732 1760 2806 sequi,
1744 2749 1931 2806 1mpe-

365 2815 513 2871 rium
542 2814 850 2880 observare,
880 2817 1013 2871 item
1042 2817 1149 2872 alia
1175 2814 1443 2875 militaria
1466 2813 1664 2870 facere.
1728 2813 1929 2877 Praete—

364 2914 453 2951 rea
478 2895 626 2971 regis
653 2893 863 2955 Bocchi
895 2914 1207 2968 proxumos
1235 2896 1453 2971 magnis
1494 2895 1841 2962 muneribus»,
1876 2910 1932 2955 et

276 3001 288 3011 ·
364 2975 670 3057 majoribus
691 2976 967 3048 promiffis
988 2976 1060 3033 ad
1085 2976 1323 3034 studium
1345 2977 1423 3032 sui
1448 2976 1741 3051 perducit:
1769 2973 1927 3050 queis

323 3116 326 3121 ,
363 3044 721 3131 adjutoribus
763 3075 952 3132 regern
979 3057 1281 3135 adgxeffus‚
1313 3059 1571 3133 inpellit,
1595 3058 1678 3113 uti
1724 3056 1926 3111 advor-

365 3135 484 3191 sum
515 3135 811 3191 Romanos
842 3139 1049 3194 bellum
1077 3139 1359 3214 suscipiat.
1449 3138 1518 3195 Id
1549 3158 1609 3193 ea
1640 3137 1814 3227 gratia
1846 3134 1928 3191 sas

363 3215 550 3282 tisim,
584 3217 932 3293 proniusque
960 3217 1094 3283 fuit
1125 3218 1281 3294 quod
1312 3218 1569 3275 Bocchus
1600 3217 1770 3273 initio
1819 3213 1926 3268 hu·

360 3295 507 3371 jusce
533 3298 670 3354 beth
694 3304 906 3373 legatos
929 3300 1173 3359 Romam
1204 3300 1448 3367 miserat,
1477 3295 1683 3361 fuerim,
1711 3309 1765 3349 et
1793 3294 1934 3349 arni-

1095 3381 1145 3436 K
1176 3398 1212 3456 3
1616 3448 1623 3456 ·
1743 3374 1935 3432 citiam

1732 3614 1761 3621 «ο.
