2387 4040
440 398 467 453 '-
536 396 1038 469 BELLUM
1107 398 1692 502 JUGURTH„
1849 429 1934 494 55

363 528 677 604 plurimum
728 526 926 595 facere,
981 545 1034 585 et
1079 526 1380 587 minimum
1412 529 1528 605 ipse
1555 529 1627 586 de
1655 530 1705 586 se
1739 530 1923 605 loqui.

364 609 596 684 Quibus
621 609 785 664 rebus
815 609 1077 684 Micipsa,
1110 610 1316 667 tametfi
1342 610 1507 666 initio
1535 612 1688 666 laetus
1716 610 1920 676 fuerat,

365 687 701 743 existumans
742 689 1037 765 Jugurthae
1077 690 1340 746 virtutem
1354 692 1545 766 *regno
1579 690 1678 745 suo
1727 690 1924 767 gloriae

364 764 520 821 fore:
571 782 755 822 tamen
808 768 1098 843 postquam
1153 768 1445 825 hominem
1485 769 1916 834 adulescentem,
1999 793 2005 799 ·

361 845 547 901 exaCta
572 846 664 901 sua
692 861 867 912 aetate,
901 863 953 903 et
980 850 1165 922 parvis
1197 850 1410 909 liberis,
1444 850 1618 925 magis
1643 850 1924 924 magisque

361 925 593 981 erescere
620 926 917 1002 intellegit,
944 927 1306 984 vehementer
1330 948 1396 984 eo
1427 928 1662 1002 negotio
1688 946 1917 999 permo-

362 1021 476 1069 tus,
510 1007 687 1060 multa
738 1025 865 1061 cum
897 1008 1099 1061 animo.
1135 1008 1236 1062 suo
1282 1009 1590 1062 volvebam*
1650 1007 1922 1061 Terrebat

364 1104 493 1139 eum
513 1100 711 1139 natura
738 1087 1084 1151 mortalium,
1132 1087 1292 1141 avida
1319 1085 1564 1160 imperii,
1598 1100 1651 1139 et
1677 1104 1921 1160 praeceps

364 1163 438 1218 ad
482 1163 822 1237 explendam
876 1165 1050 1219 animi
1083 1166 1445 1239 cupidinem:
1496 1180 1777 1239 praeterea,
1813 1166 1919 1219 ob·-

361 1243 679 1317 portunitas
707 1243 919 1316 suaeq'ue
959 1258 1012 1297 et
1042 1245 1349 1300 liberorum
1377 1242 1569 1307 aetatis»,
1604 1265 1722 1318 quae
1753 1245 1919 1299 etiam

365 1322 683 1377 mediocres·
706 1322 853 1377 viros
883 1322 975 1396 spe
1012 1323 1210 1397 praedae
1266 1324 1600 1379 transvorsos
1650 1325 1795 1399 agit:
1844 1323 1918 1379 ad

364 1401 497 1467 hoc,
531 1400 708 1456 studia
726 1401 1108 1469 Numidarum
1124 1404 1185 1456 in
1201 1401 1545 1478 jugurtham
1561 1402 1778 1457 accensa
1797 1421 1811 1455 :
1842 1422 1912 1458 ex

364 1482 593 1555 quibu5‚
626 1481 857 1536 fi·talem
882 1482 1068 1537 virum
1098 1482 1246 1537 dolis
1275 1479 1645 1546 interfecisset,
1690 1500 1760 1535 ne
1807 1501 1918 1555 qua

361 1561 580 1632 seditio,
613 1576 709 1616 aut
735 1561 949 1616 bellum
975 1562 1244 1627 oriretur,
1279 1560 1480 1616 anxius
1506 1574 1644 1615 erat.

450 1722 594 1778 VII.
630 1722 738 1777 His
766 1720 1183 1778 difficultatibus
1236 1722 1666 1788 circumventus,
1697 1721 1796 1778 ubi
1827 1723 1912 1777 vi·

364 1800 481 1865 det,
513 1820 692 1875 neque
721 1823 823 1876 per
847 1804 986 1867 vim,
1018 1823 1199 1878 neque
1248 1802 1456 1858 infidiis
1487 1802 1734 1885 obprimi
1763 1802 1916 1876 posse

352 1881 656 1936 ‘hominem
686 1897 796 1936 tam
847 1897 1135 1957 acceptum
1166 1883 1573 1957 popularibu53
1622 1883 1774 1955 quod
1800 1897 1917 1937 erat

352 1959 637 2038 jugurtha
669 1982 840 2016 manu
868 1979 1146 2037 promtuS‚
1202 1979 1255 2018 et
1285 1962 1553 2038 adpetens
1583 1961 1772 2037 gloriae
1803 1962 1912 2016 mi·-

363 2042 560 2106 λίπα-ἦε,
598 2040 780 2097 statuit
811 2063 937 2097 eum
962 2043 1230 2119 objeelare
1244 2043 1531 2119 periculis,
1564 2057 1617 2096 et
1645 2060 1711 2095 eo
1739 2040 1919 2096 modo

364 2120 648 2176 fortunam
701 2136 934 2176 tentare.
1022 2125 1209 2198 Igitur
1237 2124 1387 2179 bello
1413 2122 1769 2178 Numantino
1798 2121 1918 2175 Mi·

364 2200 535 2273 cipsa,
569 2220 695 2255 cum
720 2202 949 2275 Populo
997 2204 1261 2257 Romano
1293 2216 1567 2275 equitum,
1622 2213 1786 2272 atque
1814 2219 1915 2273 pe·-

364 2279 546 2334 ditum
576 2281 785 2335 auxilia
833 2281 1112 2346 mitteret3
1164 2281 1392 2355 sperans
1441 2282 1532 2336 vel
1586 2278 1917 2334 ostentando

361 2359 661 2423 virtutum·
698 2361 787 2415 vel
833 2359 1075 2417 hostium
1126 2360 1326 2416 saevitia
1354 2359 1514 2416 facile
1542 2378 1670 2414 eum
1695 2358 1915 2414 occasu-

362 2459 511 2502 rum,
544 2437 793 2512 praefecit
818 2440 1107 2505 Numidis,
1150 2461 1291 2515 quos
1320 2442 1380 2496 in
1412 2440 1752 2522 Hispafln‘iam
1779 2439 1918 2494 mit·

368 2520 541 2573 tebat.
624 2519 739 2575 Sed
767 2539 828 2574 ea
882 2540 965 2574 res
1020 2523 1188 2599 longe
1231 2521 1412 2588 aliter,
1480 2541 1539 2576 ac
1597 2535 1746 2576 ratus
1774 2533 1913 2583 erat,

365 2601 572 2655 evenit.
659 2600 807 2655 Nam
846 2600 1152 2675 jugurtha,
1212 2615 1275 2655 ut
1302 2615 1417 2656 erat
1448 2601 1701 2674 inpigre,
1753 2613 1919 2669 atque

367 2680 476 2733 acri
507 2678 760 2754 ingenim
796 2680 894 2734 ubi
922 2695 1177 2735 naturam
1207 2682 1275 2734 P.
1307 2681 1612 2752 Scipionis,
1662 2680 1763 2750 qui
1794 2691 1944 2748 tum,

365 2759 639 2813 Romanis
669 2758 972 2832 imperator
997 2775 1133 2825 erat,
1171 2775 1225 2813 et
1252 2778 1466 2814 morem
1509 2756 1753 2812 hostium
1783 2772 1919 2830 cog-

363 2838 553 2901 novit3
612 2838 795 2892 multo
835 2839 1046 2903 labore,
1103 2841 1389 2913 multaque
1444 2857 1596 2901 cura,
1658 2849 1922 2909 praeterea

364 2915 769 2972 modcfliffume
798 2917 1074 2991 parend0‚
1105 2934 1159 2973 et
1181 2920 1317 2994 saepe
1350 2919 1572 2973 obviarn
1598 2916 1787 2970 eundo
1815 2934 1921 2989 pe·-

368 2998 581 3061 riculis,
631 2998 692 3050 in
723 3012 931 3052 tantam
959 2999 1352 3054 claritudinem
1383 2999 1536 3053 brevi
1565 3009 1916 3071 pervenerat,

365 3092 428 3129 ut
454 3076 652 3131 nostris
675 3076 1035 3132 vehementer
1047 3099 1227 3145 car-118,
1257 3078 1625 3134 Numantinis
1653 3094 1923 3129 maxumo

368 3157 569 3212 terrori
620 3155 767 3210 esset.
856 3157 946 3211 Ac
994 3158 1141 3223 sane,
1174 3157 1331 3233 quod
1385 3155 1802 3212 difficillumum
1856 3154 1921 3208 in

364 3237 565 3309 primis
611 3233 706 3298 est,
765 3251 818 3290 et
874 3238 1068 3310 praelio
1126 3239 1377 3294 strenuus
1428 3251 1563 3302 erat,
1623 3250 1676 3289 et
1733 3236 1918 3289 bonus

334 3335 339 3338 ·
365 3315 627 3371 consilio:
665 3333 889 3388 quorun
914 3317 1148 3374 alterum
1174 3338 1242 3373 ex
1259 3317 1614 3393 providentia
1642 3315 1925 3373 timorem·

1690 3393 1926 3448 alterum
