2387 4040
492 352 629 421 180
730 349 817 417 L.·
885 343 1348 420 ANNAEI
1404 347 1809 420 FLORI

481 476 754 542 vistimas,
813 474 986 533 securi
1039 477 1395 553 percutiunt:
1474 476 1765 535 Praefeelos
1819 477 2052 536 navium

478 556 612 632 igne
636 556 1007 632 comburunt:
1039 557 1236 631 idque,
1266 577 1382 630 quo
1407 558 1702 635 indignius
1730 556 1899 625 foret,
1927 579 2055 616 mu-

482 637 586 691 lier
611 636 950 711 imperabat.
981 638 1182 711 Itaque
1217 636 1392 695 Cnaeo
1425 637 1751 694 Centimalo
1792 636 1938 694 duce
1970 638 2055 694 la-

481 731 534 771 te
562 716 890 772 domantur.
973 715 1180 773 Striaae
1219 717 1280 772 in
1320 718 1657 793 Principum
1695 718 1844 776 colla
1881 717 2052 776 Secu·

477 815 586 865 res,
617 797 933 873 legatorum
961 797 1227 853 Manibus
1255 798 1501 856 litavere.

1582 869 1609 888 4
1695 873 1703 879 .

939 988 991 1048 c
1075 990 1138 1049 A
1218 943 1289 1047 13.
1464 991 1581 1049 VI.

875 1150 1067 1208 Bellum
1100 1150 1342 1208 Punicum
1351 1148 1648 1225 secundum.

608 1284 782 1343 OST
833 1285 1087 1360 primurn
1119 1285 1398 1341 Punicum
1450 1284 1661 1340 bellum
1687 1286 1785 1341 vix
1814 1287 2052 1362 quadri-

635 1364 791 1422 ennii
818 1369 1057 1440 requies,
1112 1384 1236 1422 ecce
1275 1367 1540 1421 alterum:
1600 1365 1787 1421 minus
1816 1367 2053 1441 quidem

484 1447 663 1525 spatio
694 1443 814 1514 (nec
843 1447 996 1502 enirn
1023 1446 1266 1521 amplius
1290 1464 1460 1520 quam
1488 1442 1682 1499 decem
1712 1461 1766 1501 et
1792 1446 1921 1503 οᾶο
1950 1467 2055 1503 an·

484 1549 588 1584 nos
618 1526 803 1596 habet)
835 1524 928 1581 sed
957 1523 1098 1583 adeo
1121 1523 1368 1581 cladium
1394 1525 1682 1579 atrocitate
1715 1526 2050 1593 terribilius,

482 1624 571 1674 ut,
606 1607 646 1661 ss
664 1605 790 1678 quis
818 1604 1067 1661 conferat
1087 1604 1295 1660 damna
1320 1597 1605 1677 utriusque
1636 1603 1871 1680 Populi,
1904 1606 2056 1662 fimi-

483 1689 599 1743 lior
639 1682 786 1742 visto
814 1683 875 1739 fit
903 1686 1181 1760 PopuluS,
1214 1685 1314 1758 qui
1340 1682 1498 1739 vicit.
1588 1683 1844 1740 Pudebat
1883 1687 2057 1742 nobi-

484 1770 599 1824 lem
624 1763 914 1838 Populum
941 1766 1127 1820 ablato
1154 1764 1320 1829 mari,
1352 1762 1524 1837 raptis
1550 1762 1759 1819 Infulis
1786 1763 1921 1821 dare
1952 1767 2058 1821 tri-

486 1849 645 1910 buta,
702 1861 822 1917 quae
842 1843 1041 1919 jubere
1092 1843 1472 1900 consueverat.
1561 1842 1724 1920 Quin
1773 1845 2060 1901 ultionem

483 1946 629 2005 puer
654 1923 911 1979 Annibal
939 1923 1010 1978 ad
1033 1943 1185 1978 aram
1215 1922 1359 1996 patri
1378 1922 1692 1996 juraverat:
1740 1943 1842 1980 nec
1869 1944 2062 1981 mora-

486 2010 671 2065 batur.
744 2002 926 2080 Igitur
955 2004 1024 2059 in*
1052 2002 1268 2059 causam
1294 2001 1428 2057 belli
1448 2000 1725 2079 Saguntus
1753 2002 1936 2061 deleta
1962 2004 2060 2077 est,

473 2083 642 2144 'vetus
672 2082 960 2159 Hispaniae
986 2083 1202 2149 civitas,
1248 2096 1302 2137 et
1331 2083 1627 2157 opulenta,
1660 2083 1900 2160 fideique
1932 2106 2068 2162 erga

489 2169 785 2223 Romanos
835 2183 1104 2240 magnum
1129 2161 1386 2237 quidem,
1419 2160 1510 2217 sed
1543 2163 1688 2219 triste
1717 2184 2063 2223 monumen-

490 2263 644 2311 tum3
676 2262 845 2319 quam
865 2243 926 2298 in
951 2243 1289 2308 libertatem,
1309 2244 1601 2298 communi
1625 2240 1831 2300 foedere
1852 2264 2059 2321 excep-

497 2342 634 2392 tam,
667 2323 925 2380 Annibal
954 2322 1445 2379 causas‘novorum
1492 2337 1753 2380 motuum
1779 2320 2058 2399 quaerens,

490 2422 545 2462 et
574 2405 707 2470 suiS,
733 2419 786 2458 et
809 2403 1059 2479 ipsorum
1087 2403 1348 2458 manibus
1375 2404 1593 2468 evertit,
1622 2420 1686 2460 ut
1708 2404 1930 2460 Italiam
1958 2405 2061 2460 fibi

485 2500 657 2560 rupto
688 2483 893 2539 foedere
919 2483 1180 2556 aperiret.
1269 2481 1498 2539 Summa
1524 2483 1798 2540 foederum
1842 2486 2062 2541 Roma-

487 2565 575 2622 nis
605 2563 833 2640 Religio
860 2561 954 2618 est.
1041 2565 1237 2638 Itaque
1267 2561 1338 2618 ad
1366 2561 1622 2619 auditum
1674 2564 1832 2621 sociae
1860 2563 2061 2621 civita-

489 2646 558 2701 tis
586 2642 884 2709 obfidium,
916 2662 1189 2698 memores
1220 2641 1311 2697 iffi
1337 2662 1466 2699 cum
1496 2644 1680 2699 Poenis
1708 2662 1933 2718 quoque
1957 2643 2063 2701 foe-

490 2725 661 2795 deris,
691 2743 811 2780 non
840 2722 1017 2779 statim
1047 2721 1117 2777 ad
1158 2742 1310 2777 arma
1338 2738 1705 2797 procurrunt,
1738 2723 1875 2780 dum
1903 2725 2064 2799 prius

487 2823 648 2860 more
673 2803 930 2880 legitimo
961 2803 1122 2877 queri
1145 2802 1389 2857 malunt.
1475 2802 1776 2879 Saguntini
1804 2804 2061 2872 interim,

480 2887 602 2962 jam
627 2902 832 2938 novem
871 2882 1141 2938 menfibus
1170 2879 1284 2937 feffi
1326 2881 1493 2948 fame,
1528 2880 1828 2950 machinis,
1882 2881 2061 2950 ferro,

465 2962 643 3019 'versa
681 2961 928 3036 denique
955 2963 1016 3017 in
1069 2962 1281 3017 rabiem
1308 2962 1441 3026 fide,
1496 2962 1803 3020 immanem
1831 2963 1890 3019 in
1935 2963 2066 3020 foro

493 3043 738 3099 excitant
790 3061 994 3117 rogum
1012 3061 1029 3096 ε
1096 3056 1214 3096 tum
1256 3042 1492 3118 desuper
1540 3042 1592 3097 se
1620 3042 1878 3119 suosque,
1936 3064 2071 3100 cum

455 3121 476 3127 ”
496 3122 761 3179 omnibus
812 3122 1019 3196 opibus
1047 3118 1178 3186 suis,
1228 3120 1375 3178 ferro
1406 3137 1460 3177 et
1509 3121 1629 3200 igni
1655 3139 2060 3200 corrumpunt.

494 3204 681 3281 Hujus
705 3216 869 3259 tantae
891 3201 1067 3258 cladis
1095 3200 1288 3258 auctor
1314 3203 1572 3260 Annibal
1603 3203 1872 3277 poscitur.
1918 3204 2065 3260 Ter·-

498 3281 895 3361 giversantibus
918 3281 1130 3350 Poenis,
1158 3282 1296 3340 Dux
1318 3282 1616 3360 legationis
1641 3283 1869 3341 Fabius.
1921 3285 2064 3361 Qut,

1841 3364 2057 3438 inquit,
