2387 4040
498 342 633 427 196
845 339 928 409 L.
991 338 1413 412 ANNAEI
1471 296 1839 412 FLORI

821 572 976 648 gc
1061 576 1121 632 A
1204 576 1273 633 P.
1442 573 1576 633 xv.

929 734 1121 791 Bellum
1146 734 1385 792 Pnnicnm
1408 738 1619 793 tertium.

651 857 1026 914 ERTIUM
1051 879 1179 914 cum
1207 858 1406 914 Africa
1436 858 1671 925 bellum,
1703 874 1757 915 et
1801 874 2053 934 tempore

676 937 971 1013 exiguum,
1023 932 1170 1005 (nam
1204 938 1581 1012 quadriennio
1626 939 1911 1013 peraestum
1941 939 2044 994 est·

491 1020 635 1077 etin
684 1018 1103 1093 comparatione
1149 1018 1431 1092 priorum,
1464 1018 1770 1075 minimum
1813 1019 2039 1080 labore3

489 1120 610 1156 non
651 1097 804 1154 enim
859 1111 969 1152 tam
1013 1116 1142 1152 cum
1174 1098 1331 1163 viris,
1383 1118 1554 1173 quam
1601 1118 1729 1155 eum
1772 1098 1890 1172 ipsa
1916 1099 2049 1152 urbe

489 1191 805 1255 pugnatum
827 1174 944 1231 est·
961 1175 1070 1232 Sed
1095 1178 1262 1250 plane
1277 1179 1591 1233 maximum
1611 1191 1849 1243 eventu3
1879 1177 2047 1252 quip-

487 1278 560 1333 pe
591 1277 657 1313 eo
689 1255 915 1311 tandem
946 1254 1234 1332 Carthago
1262 1256 1422 1312 finita
1449 1255 1546 1311 est.
1634 1256 1828 1332 Atque
1860 1257 1895 1312 fi
1924 1257 2047 1331 quis

487 1339 659 1394 trium
676 1351 997 1411 temporum
1020 1350 1304 1391 momenta
1320 1336 1649 1403 confideret,
1676 1338 1866 1412 primo
1893 1356 2044 1397 com-

481 1416 708 1475 milsum
741 1415 977 1482 bellum,
1011 1415 1373 1493 profligatum
1403 1415 1670 1484 secundo,
1719 1417 1885 1472 tertio
1914 1435 2045 1471 vero

484 1496 798 1554 confestum
826 1493 920 1551 est.
1006 1493 1111 1552 Sed
1138 1493 1309 1571 hujus
1336 1495 1493 1553 causa
1521 1496 1678 1565 belli,
1722 1495 1881 1573 quod
1909 1514 2046 1550 con·

485 1593 570 1633 tra
596 1576 817 1633 foederis
848 1576 1051 1653 legem,
1086 1574 1343 1632 adversus
1398 1575 1682 1634 Numidas
1703 1575 1936 1651 quidem
1964 1575 2045 1629 se-

482 1658 595 1723 mel
623 1655 854 1729 parasset
879 1655 1093 1713 classem
1122 1671 1175 1710 et
1202 1657 1531 1724 exercitum,
1563 1655 1821 1732 frequens
1863 1669 2047 1711 autem

480 1720 771 1793 Mafiniffae
799 1734 937 1790 fines
967 1737 1271 1791 territaret.
1330 1737 1402 1791 Et
1425 1735 1559 1792 huic
1586 1737 1741 1793 bono
1784 1735 2047 1809 socioque

483 1815 635 1891 Regi
664 1812 972 1870 favebatur.
1062 1817 1259 1893 Quum
1309 1814 1522 1871 bellum
1551 1815 1783 1881 sederet,
1816 1815 1887 1870 de
1916 1813 2048 1870 belli

483 1894 595 1951 fine
628 1892 920 1951 traaatum
946 1893 1042 1951 est.
1117 1894 1265 1951 Cato
1296 1896 1632 1971 inexpiabili
1660 1895 1818 1968 odio,
1849 1894 2044 1949 delen·

483 1974 613 2032 dam
642 1972 743 2032 effe
774 1972 1208 2051 Carthaginem,
1261 1990 1314 2031 et
1339 1994 1517 2049 quum
1543 1974 1614 2032 de
1655 1956 1766 2033 aiio
1792 1973 2046 2031 consule-

481 2071 657 2122 retur,
719 2056 1166 2131 pronuntiabatz·
1208 2053 1399 2130 Scipio
1452 2055 1644 2112 Nasica
1695 2051 2042 2121 servandam,

482 2155 554 2190 ne
602 2151 756 2193 metu
785 2135 970 2191 ablato
1025 2134 1257 2201 aemulae,
1287 2135 1564 2191 luxuriari
1614 2134 1848 2191 felicitas
1874 2133 2047 2196 Urbis

478 2215 778 2291 inciperet.
863 2214 1124 2271 Medium
1150 2213 1382 2271 Senatus
1432 2215 1622 2292 elegit,
1654 2229 1719 2270 ut
1745 2216 1880 2270 urbs
1923 2229 2044 2270 tan-

485 2309 604 2349 tum
633 2297 757 2352 loco
782 2309 1135 2359 moveretur;
1176 2293 1344 2351 Nihil
1372 2295 1521 2351 enim
1551 2293 1840 2370 speciosius
1886 2292 2044 2351 vide-

482 2374 666 2441 batur,
719 2394 885 2449 quam
915 2373 1018 2429 effe
1047 2371 1475 2451 Carthaginem,
1509 2394 1630 2448 quae
1678 2394 1799 2429 non
1830 2373 2050 2430 timere-

486 2467 597 2507 tur.
688 2452 868 2529 Igitur
893 2452 1135 2509 Manilio
1191 2452 1616 2527 Censorinoque
1668 2452 2043 2516 Consulibus,

485 2533 740 2609 Populus
764 2534 1055 2589 Romanus
1079 2530 1351 2609 aggressus
1379 2530 1806 2610 Carthaginem,
1833 2533 1926 2607 spe
1948 2553 2071 2608 pas

484 2616 564 2669 cis
591 2612 819 2690 ingesta,
856 2611 1115 2669 traditam
1145 2633 1176 2668 a
1203 2613 1522 2668 volentibus
1551 2612 1789 2680 classem,
1823 2612 1922 2669 sub
1955 2615 2044 2687 ip-

485 2694 543 2748 so
571 2712 666 2749 ore
696 2695 869 2759 urbiS,
926 2690 1207 2749 incendit.
1293 2692 1447 2748 Tum
1476 2694 1710 2749 evocatis
1760 2691 2044 2768 Principi-

486 2775 610 2839 bus,
628 2772 831 2846 fisalvi
859 2772 951 2850 effi
975 2773 1168 2837 vellent,
1201 2780 1254 2827 ut
1278 2772 1548 2844 migrarent
1555 2768 1774 2844 finibus,
1805 2773 2047 2847 impera-

488 2868 644 2906 tum:
679 2852 853 2931 Quod
886 2870 992 2927 pro
1019 2853 1097 2907 rei
1127 2852 1413 2908 atrocitate
1446 2850 1589 2906 adeo
1617 2853 1792 2908 movit
1823 2853 1954 2918 iras,
1987 2867 2050 2908 ut

487 2944 736 2986 extrema
785 2932 1041 2994 mallent.
1133 2930 1572 3006 Comploratum
1628 2931 1800 3008 igitur
1825 2933 2050 3006 publice

486 3009 686 3076 statim,
718 3025 772 3065 et
798 3010 920 3086 pari
948 3029 1081 3066 voce
1124 3010 1423 3067 clamatum
1450 3009 1543 3076 est,
1573 3012 1640 3065 ad
1665 3011 1841 3067 anna!
1884 3009 2050 3067 sedit·

485 3110 594 3166 que
645 3091 936 3156 sententia,
970 3109 1200 3166 quoquo
1240 3090 1416 3145 modo
1445 3090 1868 3148 rebellandum·
1927 3111 2049 3148 non

485 3170 615 3245 quia
656 3170 776 3247 spes
807 3171 921 3227 ulla
963 3172 1082 3247 jam
1111 3169 1439 3244 supereffet,
1504 3171 1594 3225 sed
1623 3170 1756 3245 quia
1803 3171 2046 3245 patriam

485 3252 639 3309 suam
667 3251 899 3308 mallent
927 3249 1193 3317 hostium,
1227 3269 1397 3326 quam
1426 3250 1534 3307 suis
1563 3251 1821 3307 manibus
1846 3250 2041 3305 everti.

1929 3328 2048 3411 Qui
