2387 4040
569 386 695 454 LI
732 390 789 455 B
824 388 977 457 ER
1026 388 1117 457 ΙΙ.
1176 385 1375 457 Car.
1426 388 1696 460 XVIII.
1803 412 1929 458 201

360 510 571 567 torium
597 513 765 587 ipfius
807 514 929 589 pilo
956 515 1143 591 vigilis
1170 530 1434 590 exceptus
1463 515 1557 571 est.
1645 515 1914 571 Ceterum

360 591 653 648 Lufitanos
682 592 978 649 Viriathus
1009 594 1207 659 erexit,
1235 596 1322 649 vir
1351 595 1670 651 calliditatis
1711 595 1914 651 acerri-

356 689 493 725 mae:
560 672 660 745 qui
707 691 776 726 ex
806 688 1069 727 venatore
1114 674 1294 729 latro:
1335 694 1412 749 'ex
1463 674 1681 729 latrone
1729 674 1910 728 subito

358 748 495 804 Dux
522 764 689 824 atque
734 752 1085 825 Imperator':
1130 768 1207 818 et,
1260 754 1299 807 fi
1343 752 1568 808 fortuna
1613 751 1908 818 cecidisset,

360 827 649 902 Hispaniae
664 831 968 895 Romulus,
994 850 1115 886 non
1137 846 1430 888 contentus
1454 831 1766 887 libertatem
1785 832 1914 887 suo-

354 926 486 965 mm
516 907 839 977 defendere,
887 927 989 982 per
1035 911 1460 983 quatuordecim
1501 930 1678 966 annos
1719 911 1914 966 omnia

362 987 501 1042 citra
542 987 798 1062 ultraque
844 989 1071 1043 Iberum
1113 1004 1167 1044 et
1211 990 1456 1066 Tagum,
1485 989 1605 1066 igni
1653 988 1915 1064 ferroque

362 1065 693 1139 populatus,
737 1066 902 1123 castra
944 1068 1113 1124 etiam
1161 1069 1470 1125 Praetorum
1517 1084 1572 1124 et
1619 1068 1917 1125 Praefidum

363 1144 665 1221 aggreffus,
703 1146 1014 1202 Claudium
1041 1148 1396 1204 Unimanum
1428 1167 1584 1223 paene
1619 1148 1690 1204 ad
1736 1149 1916 1204 inter-

361 1224 659 1283 necionem
702 1226 977 1281 exereitus
1025 1227 1248 1293 cecidit,
1300 1243 1355 1282 et
1397 1226 1638 1304 infignia
1683 1228 1910 1293 trabeis,

364 1316 419 1357 et
444 1302 681 1359 fascibus
708 1303 929 1369 nostris,
962 1325 1081 1379 quae
1109 1320 1353 1382 ceperat,
1384 1307 1445 1361 in
1473 1308 1766 1363 montibus
1805 1306 1918 1363 suis

365 1380 616 1455 trophaea
664 1384 812 1439 fixit.
896 1384 1159 1443 Tandem
1208 1406 1340 1441 eum
1387 1385 1588 1447 Fabius
1630 1386 1918 1443 Maximus

362 1460 585 1517 Consul
634 1462 1013 1538 opprefferat3
1072 1464 1183 1521 Sed
1229 1486 1261 1521 a
1300 1463 1594 1521 succeffore
1647 1465 1922 1540 Caepione

364 1538 603 1597 Servilio
645 1542 853 1598 violata
878 1542 1107 1601 victoria
1133 1544 1238 1602 est:
1289 1544 1530 1621 Quippe
1557 1546 1657 1618 qui
1683 1544 1916 1600 confici-

296 1628 305 1637 ·
364 1618 522 1676 endae
552 1622 633 1677 rei
660 1621 923 1695 cupidus,
954 1620 1185 1679 stafium
1210 1624 1436 1688 ducem,
1464 1637 1518 1679 ct
1545 1637 1791 1679 extrema
1816 1622 1920 1678 de-

365 1697 599 1755 ditionis
638 1701 963 1777 agitantem,
1014 1721 1118 1776 per
1162 1703 1444 1769 fraudem,
1491 1716 1545 1758 et
1582 1702 1828 1767 infidias,
1863 1717 1921 1758 et

366 1776 695 1835 domesticos
722 1780 1084 1858 percussores,
1116 1784 1417 1859 aggreffus,
1451 1780 1596 1839 hanc
1620 1780 1766 1839 hosti
1793 1781 1921 1858 glo-

366 1856 506 1991 ffilam
533 1857 717 1925 dedit,
762 1874 827 1917 ut
852 1860 1138 1921 videretur
1183 1864 1347 1923 aliter
1390 1861 1544 1921 vinci
1584 1880 1705 1920 non
1749 1874 1920 1939 potu·-

363 1956 385 1991 2
431 1953 482 1993 e.
590 1970 597 1983 ·
1901 1954 1910 1966 “

794 2133 869 2190 :C
952 2135 1013 2193 A
1094 2136 1163 2192 P.
1336 2137 1564 2193 XV111.

402 2367 423 2378 Η
838 2289 1047 2347 Bellum.
1060 2289 1426 2350 Numantinum
1435 2333 1448 2348 .

371 2415 513 2554 N
536 2418 593 2476 U
610 2419 683 2478 M
698 2418 763 2476 A
780 2422 841 2477 N
859 2422 915 2478 T
936 2424 964 2477 Ι
986 2423 1069 2489 A,
1098 2439 1376 2498 quantum
1399 2423 1782 2514 Carthagini&
1809 2425 1922 2482 Ca-

556 2519 704 2574 puae,
752 2499 1023 2558 Corinthi
1060 2504 1268 2578 opibus
1297 2505 1566 2571 inferint-3
1615 2507 1692 2560 ita
1741 2506 1920 2562 virtu'-
2035 2540 2042 2544 -

370 2580 439 2634 tis
466 2578 719 2645 nomine,
740 2595 794 2634 et
815 2579 1033 2638 honore
1059 2602 1163 2656 pat:
1185 2586 1480 2651 omnibus,
1507 2585 1919 2658 summumque,

370 2657 409 2714 fi
436 2659 581 2714 viros
621 2657 866 2725 aestima,
914 2661 1196 2735 Hispaniae
1243 2662 1412 2718 decus
1435 2683 1452 2718 ι
1517 2665 1752 2741 Quippe
1801 2683 1924 2736 quae

370 2737 483 2794 fine
510 2758 697 2804 mum,
734 2739 843 2794 fine
874 2740 1137 2805 turribus,
1171 2742 1393 2797 modice
1423 2742 1575 2798 edito
1605 2743 1670 2797 in
1701 2741 1923 2797 tumulo

370 2817 525 2892 apud
556 2818 765 2874 flumen
792 2818 1035 2886 sublata²
1056 2834 1302 2892 quatuor.
1319 2823 1572 2877 millibus
1606 2822 1923 2878 Celtibero-

372 2917 521 2962 rum,
552 2896 925 2974 quadraginta
964 2899 1211 2954 millium
1243 2901 1571 2968 exercitum,
1599 2921 1702 2977 per
1741 2921 1922 2957 annos

368 2977 799 3049 quatuordecim
827 2977 943 3033 sola
970 2976 1256 3034 sustinuit:
1305 2981 1424 3037 Nec
1448 2981 1700 3037 sustinuit
1719 2980 1917 3046 mode,

369 3054 463 3110 sed
508 3056 699 3112 saevius
745 3056 1033 3131 aliquanto
1067 3058 1330 3130 perculit,
1381 3059 1769 3135 pudendisque
1798 3061 1924 3116 vul-

369 3133 599 3191 neribus
626 3133 828 3192 affecit.
915 3135 1244 3202 Noviffime‚
1296 3157 1472 3211 quum
1521 3139 1782 3197 invictam
1821 3137 1926 3196 effe

370 3213 663 3280 constaret,
710 3234 856 3288 opus·
883 3216 1202 3288 quoqueeo
1234 3214 1366 3282 fuit,
1393 3218 1492 3291 qui
1517 3218 1924 3293 Carthaginem

371 3307 665 3352 everterat.
719 3295 856 3352 Non
882 3310 1109 3361 temere,
1138 3293 1175 3351 fi
1207 3292 1372 3354 fateri
1393 3297 1544 3363 licet,
1575 3298 1742 3356 ullius
1768 3299 1928 3353 causa

1631 3381 1664 3408 ⁹
1791 3378 1928 3436 beni
