<?xml version="1.0" encoding="UTF-8"?>
<!DOCTYPE html PUBLIC "-//W3C//DTD XHTML 1.0 Transitional//EN"
    "http://www.w3.org/TR/xhtml1/DTD/xhtml1-transitional.dtd">
<html xmlns="http://www.w3.org/1999/xhtml" xml:lang="en" lang="en">
 <head>
  <title>
</title>
<meta http-equiv="Content-Type" content="text/html;charset=utf-8" />
  <meta name='ocr-system' content='tesseract 3.04.00' />
  <meta name='ocr-capabilities' content='ocr_page ocr_carea ocr_par ocr_line ocrx_word'/>
</head>
<body>
  <div class='ocr_page' id='page_1' title='image "./ccrispussallust00florgoog_0143.png"; bbox 0 0 2387 4040; ppageno 0'>
   <div class='ocr_carea' id='block_1_1' title="bbox 522 319 1913 442">
    <p class='ocr_par' dir='ltr' id='par_1_1' title="bbox 522 319 1913 442">
     <span class='ocr_line' id='line_1_1' title="bbox 522 319 1913 442; baseline -0.001 -29"><span class='ocrx_word' id='word_1_1' title='bbox 522 319 1665 442; x_wconf 69' lang='lat' dir='ltr'><em>BELLUM&#39;JUGURTH.</em></span> <span class='ocrx_word' id='word_1_2' title='bbox 1782 364 1913 432; x_wconf 82' lang='lat'>135</span> 
     </span>
    </p>
   </div>
   <div class='ocr_carea' id='block_1_2' title="bbox 259 469 1916 1349">
    <p class='ocr_par' dir='ltr' id='par_1_2' title="bbox 259 469 1911 625">
     <span class='ocr_line' id='line_1_2' title="bbox 259 469 1911 547; baseline -0.001 -18"><span class='ocrx_word' id='word_1_3' title='bbox 259 486 280 500; x_wconf 66' lang='grc'><strong>“</strong></span> <span class='ocrx_word' id='word_1_4' title='bbox 336 483 490 540; x_wconf 77' lang='lat' dir='ltr'>terea,</span> <span class='ocrx_word' id='word_1_5' title='bbox 508 470 690 545; x_wconf 70' lang='lat' dir='ltr'>mg&#39;ffios</span> <span class='ocrx_word' id='word_1_6' title='bbox 710 483 853 529; x_wconf 75' lang='lat' dir='ltr'>antea</span> <span class='ocrx_word' id='word_1_7' title='bbox 875 475 1077 529; x_wconf 85' lang='lat' dir='ltr'><strong><em>Romam</em></strong></span> <span class='ocrx_word' id='word_1_8' title='bbox 1088 472 1289 546; x_wconf 81' lang='lat' dir='ltr'>legatis,</span> <span class='ocrx_word' id='word_1_9' title='bbox 1307 471 1544 547; x_wconf 77' lang='lat' dir='ltr'>repulsum</span> <span class='ocrx_word' id='word_1_10' title='bbox 1565 472 1629 529; x_wconf 84' lang='lat' dir='ltr'>ab</span> <span class='ocrx_word' id='word_1_11' title='bbox 1649 469 1873 530; x_wconf 70' lang='lat' dir='ltr'>amicilia</span> <span class='ocrx_word' id='word_1_12' title='bbox 1889 493 1911 528; x_wconf 93' lang='lat'>.·</span> 
     </span>
     <span class='ocr_line' id='line_1_3' title="bbox 337 548 1903 625; baseline 0.002 -18"><span class='ocrx_word' id='word_1_13' title='bbox 337 564 550 611; x_wconf 77' lang='lat' dir='ltr'>ceterum</span> <span class='ocrx_word' id='word_1_14' title='bbox 575 564 738 609; x_wconf 79' lang='lat' dir='ltr'>vetera</span> <span class='ocrx_word' id='word_1_15' title='bbox 771 554 1006 619; x_wconf 75' lang='lat' dir='ltr'>omittere,</span> <span class='ocrx_word' id='word_1_16' title='bbox 1047 571 1109 608; x_wconf 83' lang='lat' dir='ltr'>ac</span> <span class='ocrx_word' id='word_1_17' title='bbox 1136 563 1256 619; x_wconf 78' lang='lat' dir='ltr'>lum,</span> <span class='ocrx_word' id='word_1_18' title='bbox 1271 548 1329 623; x_wconf 84' lang='lat' dir='ltr'><strong><em>fi</em></strong></span> <span class='ocrx_word' id='word_1_19' title='bbox 1347 558 1441 625; x_wconf 80' lang='lat' dir='ltr'>per</span> <span class='ocrx_word' id='word_1_20' title='bbox 1464 553 1689 610; x_wconf 81' lang='lat' dir='ltr'>Marium</span> <span class='ocrx_word' id='word_1_21' title='bbox 1714 553 1903 622; x_wconf 79' lang='lat' dir='ltr'>liceret,</span> 
     </span>
    </p>

    <p class='ocr_par' dir='ltr' id='par_1_3' title="bbox 337 627 1910 709">
     <span class='ocr_line' id='line_1_4' title="bbox 337 627 1910 709; baseline 0.002 -22"><span class='ocrx_word' id='word_1_22' title='bbox 337 632 526 707; x_wconf 77' lang='lat' dir='ltr'>legatos</span> <span class='ocrx_word' id='word_1_23' title='bbox 560 634 630 689; x_wconf 80' lang='lat' dir='ltr'>ad</span> <span class='ocrx_word' id='word_1_24' title='bbox 677 634 909 689; x_wconf 79' lang='lat' dir='ltr'><em>Senatum</em></span> <span class='ocrx_word' id='word_1_25' title='bbox 960 627 1230 725; x_wconf 70' lang='lat' dir='ltr'>mgfficrum.</span> <span class='ocrx_word' id='word_1_26' title='bbox 1317 631 1492 699; x_wconf 80' lang='lat' dir='ltr'>Dein,</span> <span class='ocrx_word' id='word_1_27' title='bbox 1540 631 1706 709; x_wconf 78' lang='lat' dir='ltr'>¹copia</span> <span class='ocrx_word' id='word_1_28' title='bbox 1746 633 1910 703; x_wconf 64' lang='lat' dir='ltr'>fasta,</span> 
     </span>
    </p>

    <p class='ocr_par' dir='ltr' id='par_1_4' title="bbox 338 713 1904 791">
     <span class='ocr_line' id='line_1_5' title="bbox 338 713 1904 791; baseline 0.001 -22"><span class='ocrx_word' id='word_1_29' title='bbox 338 715 561 770; x_wconf 88' lang='lat' dir='ltr'>animus</span> <span class='ocrx_word' id='word_1_30' title='bbox 587 714 810 771; x_wconf 88' lang='lat' dir='ltr'>barbari</span> <span class='ocrx_word' id='word_1_31' title='bbox 837 714 910 769; x_wconf 85' lang='lat' dir='ltr'>ab</span> <span class='ocrx_word' id='word_1_32' title='bbox 934 713 1128 769; x_wconf 85' lang='lat' dir='ltr'>amicis</span> <span class='ocrx_word' id='word_1_33' title='bbox 1175 713 1376 778; x_wconf 86' lang='lat' dir='ltr'>flexus,</span> <span class='ocrx_word' id='word_1_34' title='bbox 1407 731 1548 787; x_wconf 85' lang='lat' dir='ltr'>quos</span> <span class='ocrx_word' id='word_1_35' title='bbox 1583 713 1904 791; x_wconf 79' lang='lat' dir='ltr'>jugurtha,</span> 
     </span>
    </p>

    <p class='ocr_par' dir='ltr' id='par_1_5' title="bbox 335 783 1916 1349">
     <span class='ocr_line' id='line_1_6' title="bbox 339 783 1907 871; baseline -0.001 -20"><span class='ocrx_word' id='word_1_36' title='bbox 339 795 614 871; x_wconf 84' lang='lat' dir='ltr'>congnita</span> <span class='ocrx_word' id='word_1_37' title='bbox 652 794 933 871; x_wconf 84' lang='lat' dir='ltr'>legatione</span> <span class='ocrx_word' id='word_1_38' title='bbox 963 783 1150 859; x_wconf 73' lang='lat' dir='ltr'>sullae,</span> <span class='ocrx_word' id='word_1_39' title='bbox 1183 808 1238 849; x_wconf 88' lang='lat' dir='ltr'>et</span> <span class='ocrx_word' id='word_1_40' title='bbox 1277 792 1507 860; x_wconf 82' lang='lat' dir='ltr'>Manlii,</span> <span class='ocrx_word' id='word_1_41' title='bbox 1555 807 1812 849; x_wconf 81' lang='lat' dir='ltr'>metuens</span> <span class='ocrx_word' id='word_1_42' title='bbox 1843 792 1907 849; x_wconf 88' lang='lat' dir='ltr'>id</span> 
     </span>
     <span class='ocr_line' id='line_1_7' title="bbox 339 871 1909 949; baseline -0.001 -20"><span class='ocrx_word' id='word_1_43' title='bbox 339 874 499 948; x_wconf 92' lang='lat' dir='ltr'>quod</span> <span class='ocrx_word' id='word_1_44' title='bbox 533 875 856 949; x_wconf 80' lang='lat' dir='ltr'>parabatur,</span> <span class='ocrx_word' id='word_1_45' title='bbox 892 871 1058 929; x_wconf 90' lang='lat' dir='ltr'>donis</span> <span class='ocrx_word' id='word_1_46' title='bbox 1081 886 1430 949; x_wconf 86' lang='lat' dir='ltr'>corruperat.</span> <span class='ocrx_word' id='word_1_47' title='bbox 1515 872 1734 928; x_wconf 81' lang='lat' dir='ltr'>Marius</span> <span class='ocrx_word' id='word_1_48' title='bbox 1765 874 1909 928; x_wconf 88' lang='lat' dir='ltr'>inte-</span> 
     </span>
     <span class='ocr_line' id='line_1_8' title="bbox 339 950 1913 1027; baseline -0.003 -16"><span class='ocrx_word' id='word_1_49' title='bbox 339 975 455 1019; x_wconf 86' lang='lat' dir='ltr'>rea,</span> <span class='ocrx_word' id='word_1_50' title='bbox 492 955 742 1010; x_wconf 87' lang='lat' dir='ltr'>exercitu</span> <span class='ocrx_word' id='word_1_51' title='bbox 769 954 834 1009; x_wconf 88' lang='lat' dir='ltr'>in</span> <span class='ocrx_word' id='word_1_52' title='bbox 874 951 1254 1012; x_wconf 83' lang='lat' dir='ltr'>hibernaculis</span> <span class='ocrx_word' id='word_1_53' title='bbox 1292 950 1622 1027; x_wconf 73' lang='lat' dir='ltr'>composito,</span> <span class='ocrx_word' id='word_1_54' title='bbox 1654 973 1784 1010; x_wconf 87' lang='lat' dir='ltr'>cum</span> <span class='ocrx_word' id='word_1_55' title='bbox 1814 973 1913 1008; x_wconf 79' lang='lat' dir='ltr'>ex·</span> 
     </span>
     <span class='ocr_line' id='line_1_9' title="bbox 340 1031 1905 1109; baseline -0.001 -20"><span class='ocrx_word' id='word_1_56' title='bbox 340 1033 553 1109; x_wconf 85' lang='lat' dir='ltr'>peditis</span> <span class='ocrx_word' id='word_1_57' title='bbox 581 1032 933 1097; x_wconf 79' lang='lat' dir='ltr'>cohortibus,</span> <span class='ocrx_word' id='word_1_58' title='bbox 964 1047 1018 1088; x_wconf 90' lang='lat' dir='ltr'>et</span> <span class='ocrx_word' id='word_1_59' title='bbox 1046 1046 1204 1107; x_wconf 83' lang='lat' dir='ltr'>parte</span> <span class='ocrx_word' id='word_1_60' title='bbox 1225 1034 1500 1108; x_wconf 86' lang='lat' dir='ltr'>equitatus</span> <span class='ocrx_word' id='word_1_61' title='bbox 1529 1031 1905 1109; x_wconf 74' lang='lat' dir='ltr'>proficiscitur</span> 
     </span>
     <span class='ocr_line' id='line_1_10' title="bbox 335 1111 1904 1189; baseline -0.001 -20"><span class='ocrx_word' id='word_1_62' title='bbox 335 1112 399 1169; x_wconf 86' lang='lat' dir='ltr'>in</span> <span class='ocrx_word' id='word_1_63' title='bbox 427 1114 552 1169; x_wconf 84' lang='lat' dir='ltr'>loca</span> <span class='ocrx_word' id='word_1_64' title='bbox 578 1112 714 1182; x_wconf 85' lang='lat' dir='ltr'>sola,</span> <span class='ocrx_word' id='word_1_65' title='bbox 747 1111 1021 1169; x_wconf 85' lang='lat' dir='ltr'>obseffum</span> <span class='ocrx_word' id='word_1_66' title='bbox 1043 1113 1246 1169; x_wconf 89' lang='lat' dir='ltr'>turrim</span> <span class='ocrx_word' id='word_1_67' title='bbox 1280 1114 1517 1189; x_wconf 87' lang='lat' dir='ltr'>regiam,</span> <span class='ocrx_word' id='word_1_68' title='bbox 1548 1132 1663 1189; x_wconf 93' lang='lat' dir='ltr'>quo</span> <span class='ocrx_word' id='word_1_69' title='bbox 1682 1114 1904 1189; x_wconf 89' lang='lat' dir='ltr'>Jugur·</span> 
     </span>
     <span class='ocr_line' id='line_1_11' title="bbox 339 1191 1907 1270; baseline -0.001 -20"><span class='ocrx_word' id='word_1_70' title='bbox 339 1192 436 1251; x_wconf 86' lang='lat' dir='ltr'>tha</span> <span class='ocrx_word' id='word_1_71' title='bbox 465 1192 731 1270; x_wconf 85' lang='lat' dir='ltr'>perfugas</span> <span class='ocrx_word' id='word_1_72' title='bbox 761 1192 946 1249; x_wconf 84' lang='lat' dir='ltr'>omnis</span> <span class='ocrx_word' id='word_1_73' title='bbox 973 1191 1291 1268; x_wconf 84' lang='lat' dir='ltr'>praefidium</span> <span class='ocrx_word' id='word_1_74' title='bbox 1317 1192 1663 1267; x_wconf 85' lang='lat' dir='ltr'>inposuerat.</span> <span class='ocrx_word' id='word_1_75' title='bbox 1747 1193 1907 1250; x_wconf 89' lang='lat' dir='ltr'>Tum</span> 
     </span>
     <span class='ocr_line' id='line_1_12' title="bbox 336 1269 1916 1349; baseline -0.001 -18"><span class='ocrx_word' id='word_1_76' title='bbox 336 1273 526 1331; x_wconf 81' lang='lat' dir='ltr'>rursus</span> <span class='ocrx_word' id='word_1_77' title='bbox 556 1269 1079 1348; x_wconf 53' lang='lat' dir='ltr'>Bflchusfeliczlen</span> <span class='ocrx_word' id='word_1_78' title='bbox 1126 1273 1220 1329; x_wconf 87' lang='lat' dir='ltr'>seu</span> <span class='ocrx_word' id='word_1_79' title='bbox 1269 1272 1609 1347; x_wconf 86' lang='lat' dir='ltr'>reputand0‚</span> <span class='ocrx_word' id='word_1_80' title='bbox 1655 1294 1775 1349; x_wconf 84' lang='lat' dir='ltr'>quae</span> <span class='ocrx_word' id='word_1_81' title='bbox 1814 1273 1916 1329; x_wconf 83' lang='lat' dir='ltr'>fibi</span> 
     </span>
    </p>
   </div>
   <div class='ocr_carea' id='block_1_3' title="bbox 338 1351 2011 1430">
    <p class='ocr_par' dir='ltr' id='par_1_6' title="bbox 338 1351 2011 1430">
     <span class='ocr_line' id='line_1_13' title="bbox 338 1351 2011 1430; baseline -0.002 -20"><span class='ocrx_word' id='word_1_82' title='bbox 338 1351 566 1410; x_wconf 88' lang='lat' dir='ltr'>duobus</span> <span class='ocrx_word' id='word_1_83' title='bbox 599 1353 811 1430; x_wconf 83' lang='lat' dir='ltr'>proeliis</span> <span class='ocrx_word' id='word_1_84' title='bbox 841 1366 1131 1415; x_wconf 78' lang='lat' dir='ltr'>venerant,</span> <span class='ocrx_word' id='word_1_85' title='bbox 1164 1353 1258 1408; x_wconf 88' lang='lat' dir='ltr'>seu</span> <span class='ocrx_word' id='word_1_86' title='bbox 1302 1353 1646 1409; x_wconf 87' lang='lat' dir='ltr'>adominitus</span> <span class='ocrx_word' id='word_1_87' title='bbox 1691 1356 1758 1409; x_wconf 88' lang='lat' dir='ltr'>ab</span> <span class='ocrx_word' id='word_1_88' title='bbox 1792 1353 1915 1407; x_wconf 86' lang='lat' dir='ltr'>aliis</span> <span class='ocrx_word' id='word_1_89' title='bbox 2004 1361 2011 1364; x_wconf 77' lang='grc'><em>“</em></span> 
     </span>
    </p>
   </div>
   <div class='ocr_carea' id='block_1_4' title="bbox 338 1432 1914 1912">
    <p class='ocr_par' dir='ltr' id='par_1_7' title="bbox 338 1432 1914 1912">
     <span class='ocr_line' id='line_1_14' title="bbox 340 1432 1914 1509; baseline 0 -21"><span class='ocrx_word' id='word_1_90' title='bbox 340 1433 561 1499; x_wconf 80' lang='lat' dir='ltr'>amicis,</span> <span class='ocrx_word' id='word_1_91' title='bbox 593 1453 735 1508; x_wconf 90' lang='lat' dir='ltr'>quos</span> <span class='ocrx_word' id='word_1_92' title='bbox 761 1432 1124 1508; x_wconf 84' lang='lat' dir='ltr'>incorruptos</span> <span class='ocrx_word' id='word_1_93' title='bbox 1142 1432 1432 1509; x_wconf 86' lang='lat' dir='ltr'>Jugurtha</span> <span class='ocrx_word' id='word_1_94' title='bbox 1474 1434 1793 1506; x_wconf 83' lang='lat' dir='ltr'>reliquerat,</span> <span class='ocrx_word' id='word_1_95' title='bbox 1844 1453 1914 1488; x_wconf 82' lang='lat' dir='ltr'>ex</span> 
     </span>
     <span class='ocr_line' id='line_1_15' title="bbox 338 1511 1914 1588; baseline -0.001 -19"><span class='ocrx_word' id='word_1_96' title='bbox 338 1513 506 1584; x_wconf 78' lang='lat' dir='ltr'>omni</span> <span class='ocrx_word' id='word_1_97' title='bbox 537 1514 702 1587; x_wconf 90' lang='lat' dir='ltr'>copia</span> <span class='ocrx_word' id='word_1_98' title='bbox 731 1512 1160 1569; x_wconf 83' lang='lat' dir='ltr'>neceffariorum</span> <span class='ocrx_word' id='word_1_99' title='bbox 1201 1512 1453 1586; x_wconf 88' lang='lat' dir='ltr'>quinque</span> <span class='ocrx_word' id='word_1_100' title='bbox 1478 1511 1721 1588; x_wconf 83' lang='lat' dir='ltr'>delegit:</span> <span class='ocrx_word' id='word_1_101' title='bbox 1769 1530 1914 1587; x_wconf 86' lang='lat' dir='ltr'>quo-</span> 
     </span>
     <span class='ocr_line' id='line_1_16' title="bbox 338 1592 1907 1669; baseline 0 -20"><span class='ocrx_word' id='word_1_102' title='bbox 338 1613 471 1650; x_wconf 82' lang='lat' dir='ltr'>rum</span> <span class='ocrx_word' id='word_1_103' title='bbox 500 1609 556 1649; x_wconf 78' lang='lat' dir='ltr'>et</span> <span class='ocrx_word' id='word_1_104' title='bbox 577 1592 713 1649; x_wconf 87' lang='lat' dir='ltr'>fides</span> <span class='ocrx_word' id='word_1_105' title='bbox 740 1593 988 1669; x_wconf 84' lang='lat' dir='ltr'>cognita,</span> <span class='ocrx_word' id='word_1_106' title='bbox 1008 1608 1062 1648; x_wconf 91' lang='lat' dir='ltr'>et</span> <span class='ocrx_word' id='word_1_107' title='bbox 1087 1594 1322 1668; x_wconf 90' lang='lat' dir='ltr'>ingenia</span> <span class='ocrx_word' id='word_1_108' title='bbox 1340 1592 1693 1649; x_wconf 83' lang='lat' dir='ltr'>validiffuma</span> <span class='ocrx_word' id='word_1_109' title='bbox 1723 1606 1907 1649; x_wconf 87' lang='lat' dir='ltr'>erant.</span> 
     </span>
     <span class='ocr_line' id='line_1_17' title="bbox 340 1672 1912 1748; baseline 0.001 -19"><span class='ocrx_word' id='word_1_110' title='bbox 340 1674 456 1729; x_wconf 88' lang='lat' dir='ltr'>Eos</span> <span class='ocrx_word' id='word_1_111' title='bbox 484 1673 558 1728; x_wconf 90' lang='lat' dir='ltr'>ad</span> <span class='ocrx_word' id='word_1_112' title='bbox 588 1672 854 1740; x_wconf 83' lang='lat' dir='ltr'>marium,</span> <span class='ocrx_word' id='word_1_113' title='bbox 891 1695 951 1730; x_wconf 90' lang='lat' dir='ltr'>ac</span> <span class='ocrx_word' id='word_1_114' title='bbox 978 1673 1136 1739; x_wconf 89' lang='lat' dir='ltr'>dein,</span> <span class='ocrx_word' id='word_1_115' title='bbox 1187 1672 1225 1728; x_wconf 83' lang='lat' dir='ltr'>fi</span> <span class='ocrx_word' id='word_1_116' title='bbox 1264 1674 1502 1748; x_wconf 87' lang='lat' dir='ltr'>placeat,</span> <span class='ocrx_word' id='word_1_117' title='bbox 1547 1674 1799 1730; x_wconf 88' lang='lat' dir='ltr'>Romam</span> <span class='ocrx_word' id='word_1_118' title='bbox 1829 1675 1912 1730; x_wconf 87' lang='lat' dir='ltr'>le·-</span> 
     </span>
     <span class='ocr_line' id='line_1_18' title="bbox 343 1754 1914 1830; baseline 0.004 -23"><span class='ocrx_word' id='word_1_119' title='bbox 343 1754 611 1830; x_wconf 20' lang='lat' dir='ltr'>gatostire</span> <span class='ocrx_word' id='word_1_120' title='bbox 634 1754 835 1829; x_wconf 84' lang='lat' dir='ltr'>jubet:</span> <span class='ocrx_word' id='word_1_121' title='bbox 860 1754 1208 1829; x_wconf 88' lang='lat' dir='ltr'>agendarum</span> <span class='ocrx_word' id='word_1_122' title='bbox 1237 1774 1450 1821; x_wconf 86' lang='lat' dir='ltr'>rerum,</span> <span class='ocrx_word' id='word_1_123' title='bbox 1479 1766 1534 1810; x_wconf 91' lang='lat' dir='ltr'>et</span> <span class='ocrx_word' id='word_1_124' title='bbox 1554 1774 1914 1830; x_wconf 89' lang='lat' dir='ltr'>quocumque</span> 
     </span>
     <span class='ocr_line' id='line_1_19' title="bbox 346 1832 1910 1912; baseline 0.001 -22"><span class='ocrx_word' id='word_1_125' title='bbox 346 1832 523 1890; x_wconf 88' lang='lat' dir='ltr'>modo</span> <span class='ocrx_word' id='word_1_126' title='bbox 550 1832 686 1889; x_wconf 90' lang='lat' dir='ltr'>belli</span> <span class='ocrx_word' id='word_1_127' title='bbox 713 1834 1101 1911; x_wconf 88' lang='lat' dir='ltr'>componendi</span> <span class='ocrx_word' id='word_1_128' title='bbox 1129 1834 1425 1892; x_wconf 87' lang='lat' dir='ltr'>licentiam</span> <span class='ocrx_word' id='word_1_129' title='bbox 1448 1834 1577 1912; x_wconf 84' lang='lat' dir='ltr'>iplis</span> <span class='ocrx_word' id='word_1_130' title='bbox 1605 1837 1910 1912; x_wconf 87' lang='lat' dir='ltr'>permittit.</span> 
     </span>
    </p>
   </div>
   <div class='ocr_carea' id='block_1_5' title="bbox 335 1969 1975 3432">
    <p class='ocr_par' dir='ltr' id='par_1_8' title="bbox 342 1969 1915 2233">
     <span class='ocr_line' id='line_1_20' title="bbox 432 1969 1913 2072; baseline -0.001 -18"><span class='ocrx_word' id='word_1_131' title='bbox 432 1993 612 2054; x_wconf 86' lang='lat' dir='ltr'>CXI.</span> <span class='ocrx_word' id='word_1_132' title='bbox 643 1992 743 2051; x_wconf 87' lang='lat' dir='ltr'>Issi</span> <span class='ocrx_word' id='word_1_133' title='bbox 764 2009 979 2069; x_wconf 81' lang='lat' dir='ltr'>mature</span> <span class='ocrx_word' id='word_1_134' title='bbox 1001 1994 1072 2052; x_wconf 89' lang='lat' dir='ltr'>ad</span> <span class='ocrx_word' id='word_1_135' title='bbox 1095 1992 1332 2053; x_wconf 88' lang='lat' dir='ltr'>hiberna</span> <span class='ocrx_word' id='word_1_136' title='bbox 1354 1969 1750 2052; x_wconf 86' lang='lat' dir='ltr'>Romanorum</span> <span class='ocrx_word' id='word_1_137' title='bbox 1772 2015 1913 2072; x_wconf 90' lang='lat' dir='ltr'>pro-</span> 
     </span>
     <span class='ocr_line' id='line_1_21' title="bbox 342 2072 1915 2135; baseline 0 -2"><span class='ocrx_word' id='word_1_138' title='bbox 342 2072 687 2134; x_wconf 86' lang='lat' dir='ltr'>ficiscuntur.</span> <span class='ocrx_word' id='word_1_139' title='bbox 734 2076 960 2135; x_wconf 87' lang='lat' dir='ltr'>Deinde</span> <span class='ocrx_word' id='word_1_140' title='bbox 989 2097 1019 2132; x_wconf 90' lang='lat' dir='ltr'>a</span> <span class='ocrx_word' id='word_1_141' title='bbox 1051 2076 1285 2135; x_wconf 84' lang='lat' dir='ltr'>Gaetulis</span> <span class='ocrx_word' id='word_1_142' title='bbox 1314 2075 1673 2133; x_wconf 82' lang='lat' dir='ltr'>latronibus</span> <span class='ocrx_word' id='word_1_143' title='bbox 1658 2097 1719 2131; x_wconf 85' lang='grc' dir='ltr'>ιιι</span> <span class='ocrx_word' id='word_1_144' title='bbox 1741 2078 1915 2133; x_wconf 85' lang='lat' dir='ltr'>itine-</span> 
     </span>
     <span class='ocr_line' id='line_1_22' title="bbox 343 2155 1913 2233; baseline 0 -20"><span class='ocrx_word' id='word_1_145' title='bbox 343 2177 404 2213; x_wconf 70' lang='lat' dir='ltr'>re</span> <span class='ocrx_word' id='word_1_146' title='bbox 447 2157 837 2224; x_wconf 81' lang='lat' dir='ltr'>circumventi,</span> <span class='ocrx_word' id='word_1_147' title='bbox 872 2156 1234 2233; x_wconf 74' lang='lat' dir='ltr'>spoliatique,</span> <span class='ocrx_word' id='word_1_148' title='bbox 1289 2155 1508 2232; x_wconf 81' lang='lat' dir='ltr'>pavidi,</span> <span class='ocrx_word' id='word_1_149' title='bbox 1552 2156 1662 2212; x_wconf 88' lang='lat' dir='ltr'>fine</span> <span class='ocrx_word' id='word_1_150' title='bbox 1710 2155 1913 2214; x_wconf 85' lang='lat' dir='ltr'>decore</span> 
     </span>
    </p>

    <p class='ocr_par' dir='ltr' id='par_1_9' title="bbox 335 2235 1975 3432">
     <span class='ocr_line' id='line_1_23' title="bbox 342 2235 1911 2315; baseline -0.001 -21.978"><span class='ocrx_word' id='word_1_151' title='bbox 342 2236 416 2293; x_wconf 79' lang='lat' dir='ltr'>ad</span> <span class='ocrx_word' id='word_1_152' title='bbox 441 2236 653 2294; x_wconf 88' lang='lat' dir='ltr'>Sullam</span> <span class='ocrx_word' id='word_1_153' title='bbox 684 2253 964 2315; x_wconf 80' lang='lat' dir='ltr'>pergunt3</span> <span class='ocrx_word' id='word_1_154' title='bbox 1020 2257 1186 2313; x_wconf 88' lang='lat' dir='ltr'>quem</span> <span class='ocrx_word' id='word_1_155' title='bbox 1216 2235 1459 2300; x_wconf 87' lang='lat' dir='ltr'>Consul,</span> <span class='ocrx_word' id='word_1_156' title='bbox 1490 2236 1551 2290; x_wconf 89' lang='lat' dir='ltr'>in</span> <span class='ocrx_word' id='word_1_157' title='bbox 1582 2235 1911 2310; x_wconf 81' lang='lat' dir='ltr'>expeditio-</span> 
     </span>
     <span class='ocr_line' id='line_1_24' title="bbox 342 2314 1911 2407; baseline 0 -34"><span class='ocrx_word' id='word_1_158' title='bbox 342 2335 478 2374; x_wconf 83' lang='lat' dir='ltr'>nem</span> <span class='ocrx_word' id='word_1_159' title='bbox 504 2314 883 2392; x_wconf 77' lang='lat' dir='ltr'>proficiscens,</span> <span class='ocrx_word' id='word_1_160' title='bbox 913 2337 1019 2394; x_wconf 90' lang='lat' dir='ltr'>pro</span> <span class='ocrx_word' id='word_1_161' title='bbox 1044 2330 1282 2393; x_wconf 80' lang='lat' dir='ltr'>praetore</span> <span class='ocrx_word' id='word_1_162' title='bbox 1302 2316 1624 2407; x_wconf 89' lang='lat' dir='ltr'>reliquerat.</span> <span class='ocrx_word' id='word_1_163' title='bbox 1676 2317 1786 2371; x_wconf 91' lang='lat' dir='ltr'>Eos</span> <span class='ocrx_word' id='word_1_164' title='bbox 1813 2315 1911 2373; x_wconf 88' lang='lat' dir='ltr'>ille</span> 
     </span>
     <span class='ocr_line' id='line_1_25' title="bbox 343 2394 1909 2472; baseline 0.001 -21"><span class='ocrx_word' id='word_1_165' title='bbox 343 2416 467 2453; x_wconf 88' lang='lat' dir='ltr'>non</span> <span class='ocrx_word' id='word_1_166' title='bbox 495 2417 603 2472; x_wconf 91' lang='lat' dir='ltr'>pro</span> <span class='ocrx_word' id='word_1_167' title='bbox 633 2399 797 2454; x_wconf 80' lang='lat' dir='ltr'>vanis</span> <span class='ocrx_word' id='word_1_168' title='bbox 829 2396 1103 2463; x_wconf 74' lang='lat' dir='ltr'>hostibu5‚</span> <span class='ocrx_word' id='word_1_169' title='bbox 1136 2397 1221 2455; x_wconf 86' lang='lat' dir='ltr'>uti</span> <span class='ocrx_word' id='word_1_170' title='bbox 1248 2395 1436 2452; x_wconf 90' lang='lat' dir='ltr'>meriti</span> <span class='ocrx_word' id='word_1_171' title='bbox 1466 2411 1646 2463; x_wconf 88' lang='lat' dir='ltr'>erant</span> <span class='ocrx_word' id='word_1_172' title='bbox 1685 2394 1777 2451; x_wconf 86' lang='lat' dir='ltr'>sed</span> <span class='ocrx_word' id='word_1_173' title='bbox 1809 2397 1909 2453; x_wconf 88' lang='lat' dir='ltr'>ad-</span> 
     </span>
     <span class='ocr_line' id='line_1_26' title="bbox 345 2476 1910 2554; baseline 0 -21"><span class='ocrx_word' id='word_1_174' title='bbox 345 2491 531 2535; x_wconf 82' lang='lat' dir='ltr'>curate</span> <span class='ocrx_word' id='word_1_175' title='bbox 560 2492 613 2533; x_wconf 91' lang='lat' dir='ltr'>et</span> <span class='ocrx_word' id='word_1_176' title='bbox 644 2478 950 2535; x_wconf 82' lang='lat' dir='ltr'>liberaliter</span> <span class='ocrx_word' id='word_1_177' title='bbox 975 2476 1197 2534; x_wconf 87' lang='lat' dir='ltr'>habuit.</span> <span class='ocrx_word' id='word_1_178' title='bbox 1225 2480 1382 2554; x_wconf 68' lang='lat' dir='ltr'>.Qua</span> <span class='ocrx_word' id='word_1_179' title='bbox 1409 2495 1467 2531; x_wconf 86' lang='lat' dir='ltr'>re</span> <span class='ocrx_word' id='word_1_180' title='bbox 1497 2477 1717 2533; x_wconf 85' lang='lat' dir='ltr'>barbari</span> <span class='ocrx_word' id='word_1_181' title='bbox 1743 2492 1797 2531; x_wconf 91' lang='lat' dir='ltr'>et</span> <span class='ocrx_word' id='word_1_182' title='bbox 1824 2476 1910 2533; x_wconf 87' lang='lat' dir='ltr'>fa-</span> 
     </span>
     <span class='ocr_line' id='line_1_27' title="bbox 343 2555 1911 2621; baseline 0.001 -9"><span class='ocrx_word' id='word_1_183' title='bbox 343 2576 494 2612; x_wconf 87' lang='lat' dir='ltr'>mam</span> <span class='ocrx_word' id='word_1_184' title='bbox 541 2558 940 2615; x_wconf 88' lang='lat' dir='ltr'>Romanorum</span> <span class='ocrx_word' id='word_1_185' title='bbox 978 2558 1219 2615; x_wconf 84' lang='lat' dir='ltr'>avaritiae</span> <span class='ocrx_word' id='word_1_186' title='bbox 1259 2556 1471 2621; x_wconf 80' lang='lat' dir='ltr'>falsam,</span> <span class='ocrx_word' id='word_1_187' title='bbox 1502 2571 1555 2612; x_wconf 89' lang='lat' dir='ltr'>et</span> <span class='ocrx_word' id='word_1_188' title='bbox 1592 2555 1806 2613; x_wconf 88' lang='lat' dir='ltr'>Sullam</span> <span class='ocrx_word' id='word_1_189' title='bbox 1835 2559 1911 2613; x_wconf 87' lang='lat' dir='ltr'>ob</span> 
     </span>
     <span class='ocr_line' id='line_1_28' title="bbox 344 2632 1910 2694; baseline 0 -2"><span class='ocrx_word' id='word_1_190' title='bbox 344 2632 795 2693; x_wconf 84' lang='lat' dir='ltr'>munificentiam</span> <span class='ocrx_word' id='word_1_191' title='bbox 845 2638 907 2692; x_wconf 89' lang='lat' dir='ltr'>in</span> <span class='ocrx_word' id='word_1_192' title='bbox 934 2636 1036 2693; x_wconf 85' lang='lat' dir='ltr'>sese</span> <span class='ocrx_word' id='word_1_193' title='bbox 1077 2641 1319 2694; x_wconf 86' lang='lat' dir='ltr'>amicum</span> <span class='ocrx_word' id='word_1_194' title='bbox 1346 2638 1476 2691; x_wconf 90' lang='lat' dir='ltr'>rati.</span> <span class='ocrx_word' id='word_1_195' title='bbox 1563 2637 1712 2692; x_wconf 86' lang='lat' dir='ltr'>Nam</span> <span class='ocrx_word' id='word_1_196' title='bbox 1740 2636 1910 2692; x_wconf 86' lang='lat' dir='ltr'>etiam</span> 
     </span>
     <span class='ocr_line' id='line_1_29' title="bbox 346 2713 1975 2793; baseline 0.001 -23"><span class='ocrx_word' id='word_1_197' title='bbox 346 2731 466 2771; x_wconf 87' lang='lat' dir='ltr'>tum</span> <span class='ocrx_word' id='word_1_198' title='bbox 495 2717 963 2793; x_wconf 80' lang='lat' dir='ltr'>largitio·multis</span> <span class='ocrx_word' id='word_1_199' title='bbox 995 2718 1192 2793; x_wconf 85' lang='lat' dir='ltr'>ignota</span> <span class='ocrx_word' id='word_1_200' title='bbox 1242 2731 1378 2783; x_wconf 88' lang='lat' dir='ltr'>erat,</span> <span class='ocrx_word' id='word_1_201' title='bbox 1412 2713 1709 2773; x_wconf 85' lang='lat' dir='ltr'>munificus</span> <span class='ocrx_word' id='word_1_202' title='bbox 1736 2734 1908 2772; x_wconf 87' lang='lat' dir='ltr'>nemo</span> <span class='ocrx_word' id='word_1_203' title='bbox 1946 2716 1975 2771; x_wconf 69' lang='lat'>&#39;.</span> 
     </span>
     <span class='ocr_line' id='line_1_30' title="bbox 341 2795 1914 2872; baseline 0.001 -21"><span class='ocrx_word' id='word_1_204' title='bbox 341 2798 669 2870; x_wconf 81' lang='lat' dir='ltr'>putabatur,</span> <span class='ocrx_word' id='word_1_205' title='bbox 697 2797 796 2851; x_wconf 77' lang='lat' dir='ltr'>nisi</span> <span class='ocrx_word' id='word_1_206' title='bbox 827 2798 1036 2872; x_wconf 86' lang='lat' dir='ltr'>pariter</span> <span class='ocrx_word' id='word_1_207' title='bbox 1054 2799 1285 2854; x_wconf 87' lang='lat' dir='ltr'>volens.</span> <span class='ocrx_word' id='word_1_208' title='bbox 1320 2795 1473 2852; x_wconf 90' lang='lat' dir='ltr'>dona</span> <span class='ocrx_word' id='word_1_209' title='bbox 1504 2795 1699 2851; x_wconf 89' lang='lat' dir='ltr'>omnia</span> <span class='ocrx_word' id='word_1_210' title='bbox 1725 2795 1788 2850; x_wconf 88' lang='lat' dir='ltr'>in</span> <span class='ocrx_word' id='word_1_211' title='bbox 1815 2797 1914 2852; x_wconf 89' lang='lat' dir='ltr'>be-</span> 
     </span>
     <span class='ocr_line' id='line_1_31' title="bbox 338 2874 1913 2956; baseline 0.003 -26"><span class='ocrx_word' id='word_1_212' title='bbox 338 2875 617 2951; x_wconf 83' lang='lat' dir='ltr'>nignitate</span> <span class='ocrx_word' id='word_1_213' title='bbox 641 2874 1017 2933; x_wconf 86' lang='lat' dir='ltr'>habebantur.</span> <span class='ocrx_word' id='word_1_214' title='bbox 1102 2879 1287 2956; x_wconf 85' lang='lat' dir='ltr'>Igitur</span> <span class='ocrx_word' id='word_1_215' title='bbox 1327 2875 1603 2954; x_wconf 68' lang='lat' dir='ltr'>Quaestori</span> <span class='ocrx_word' id='word_1_216' title='bbox 1645 2876 1913 2935; x_wconf 84' lang='lat' dir='ltr'>mandata</span> 
     </span>
     <span class='ocr_line' id='line_1_32' title="bbox 341 2954 1908 3032; baseline 0.002 -22"><span class='ocrx_word' id='word_1_217' title='bbox 341 2954 563 3025; x_wconf 83' lang='lat' dir='ltr'>Bocchi</span> <span class='ocrx_word' id='word_1_218' title='bbox 584 2955 961 3029; x_wconf 82' lang='lat' dir='ltr'>patefaciunt3</span> <span class='ocrx_word' id='word_1_219' title='bbox 1008 2954 1166 3013; x_wconf 87' lang='lat' dir='ltr'>fimul</span> <span class='ocrx_word' id='word_1_220' title='bbox 1193 2960 1261 3013; x_wconf 89' lang='lat' dir='ltr'>ab</span> <span class='ocrx_word' id='word_1_221' title='bbox 1291 2977 1359 3013; x_wconf 93' lang='lat' dir='ltr'>eo</span> <span class='ocrx_word' id='word_1_222' title='bbox 1402 2969 1625 3032; x_wconf 77' lang='lat' dir='ltr'>petunt,</span> <span class='ocrx_word' id='word_1_223' title='bbox 1672 2957 1758 3013; x_wconf 91' lang='lat' dir='ltr'>uti</span> <span class='ocrx_word' id='word_1_224' title='bbox 1783 2956 1908 3013; x_wconf 89' lang='lat' dir='ltr'>fau-</span> 
     </span>
     <span class='ocr_line' id='line_1_33' title="bbox 341 3033 1910 3111; baseline 0.004 -24"><span class='ocrx_word' id='word_1_225' title='bbox 341 3048 451 3100; x_wconf 79' lang='lat' dir='ltr'>tor,</span> <span class='ocrx_word' id='word_1_226' title='bbox 483 3034 881 3111; x_wconf 83' lang='lat' dir='ltr'>consultorque</span> <span class='ocrx_word' id='word_1_227' title='bbox 910 3036 1005 3093; x_wconf 82' lang='lat' dir='ltr'>libi</span> <span class='ocrx_word' id='word_1_228' title='bbox 1034 3036 1201 3093; x_wconf 87' lang='lat' dir='ltr'>adfit:</span> <span class='ocrx_word' id='word_1_229' title='bbox 1237 3039 1422 3111; x_wconf 75' lang='lat' dir='ltr'>copias,</span> <span class='ocrx_word' id='word_1_230' title='bbox 1437 3033 1624 3108; x_wconf 79' lang='lat' dir='ltr'>fidem,</span> <span class='ocrx_word' id='word_1_231' title='bbox 1656 3040 1910 3110; x_wconf 71' lang='lat' dir='ltr'>mag-nitu-</span> 
     </span>
     <span class='ocr_line' id='line_1_34' title="bbox 335 3113 1913 3193; baseline 0.004 -26"><span class='ocrx_word' id='word_1_232' title='bbox 335 3113 500 3169; x_wconf 80' lang='lat' dir='ltr'>dinem</span> <span class='ocrx_word' id='word_1_233' title='bbox 525 3113 778 3188; x_wconf 80' lang='lat' dir='ltr'>regissui‚</span> <span class='ocrx_word' id='word_1_234' title='bbox 801 3128 846 3171; x_wconf 83' lang='lat' dir='ltr'>et</span> <span class='ocrx_word' id='word_1_235' title='bbox 872 3117 998 3183; x_wconf 76' lang='lat' dir='ltr'>alia,</span> <span class='ocrx_word' id='word_1_236' title='bbox 1001 3158 1014 3165; x_wconf 43' lang='lat'><em>1</em></span> <span class='ocrx_word' id='word_1_237' title='bbox 1031 3136 1133 3193; x_wconf 83' lang='lat' dir='ltr'>quae</span> <span class='ocrx_word' id='word_1_238' title='bbox 1153 3128 1237 3173; x_wconf 79' lang='lat' dir='ltr'>aut</span> <span class='ocrx_word' id='word_1_239' title='bbox 1263 3118 1428 3184; x_wconf 79' lang='lat' dir='ltr'>utilia,</span> <span class='ocrx_word' id='word_1_240' title='bbox 1464 3127 1549 3170; x_wconf 82' lang='lat' dir='ltr'>aut</span> <span class='ocrx_word' id='word_1_241' title='bbox 1575 3115 1913 3173; x_wconf 77' lang='lat' dir='ltr'>benevolentiae</span> 
     </span>
     <span class='ocr_line' id='line_1_35' title="bbox 349 3189 1908 3284; baseline 0.003 -38"><span class='ocrx_word' id='word_1_242' title='bbox 349 3189 443 3284; x_wconf 72' lang='lat' dir='ltr'><em>ff</em></span> <span class='ocrx_word' id='word_1_243' title='bbox 469 3193 743 3260; x_wconf 81' lang='lat' dir='ltr'>credebant,</span> <span class='ocrx_word' id='word_1_244' title='bbox 775 3196 1031 3253; x_wconf 86' lang='lat' dir='ltr'>oratione</span> <span class='ocrx_word' id='word_1_245' title='bbox 1058 3199 1373 3253; x_wconf 83' lang='lat' dir='ltr'>extollunt:</span> <span class='ocrx_word' id='word_1_246' title='bbox 1408 3196 1565 3261; x_wconf 89' lang='lat' dir='ltr'>dein,</span> <span class='ocrx_word' id='word_1_247' title='bbox 1597 3196 1751 3254; x_wconf 88' lang='lat' dir='ltr'>Sulla</span> <span class='ocrx_word' id='word_1_248' title='bbox 1782 3216 1908 3254; x_wconf 90' lang='lat' dir='ltr'>om-</span> 
     </span>
     <span class='ocr_line' id='line_1_36' title="bbox 346 3273 1910 3355; baseline 0.003 -28"><span class='ocrx_word' id='word_1_249' title='bbox 346 3274 441 3328; x_wconf 86' lang='lat' dir='ltr'>nia</span> <span class='ocrx_word' id='word_1_250' title='bbox 470 3273 756 3350; x_wconf 84' lang='lat' dir='ltr'>pollicit0‚</span> <span class='ocrx_word' id='word_1_251' title='bbox 789 3275 941 3333; x_wconf 69' lang='lat' dir='ltr'>docili</span> <span class='ocrx_word' id='word_1_252' title='bbox 965 3297 1081 3351; x_wconf 89' lang='lat' dir='ltr'>quo</span> <span class='ocrx_word' id='word_1_253' title='bbox 1105 3277 1279 3334; x_wconf 88' lang='lat' dir='ltr'>modo</span> <span class='ocrx_word' id='word_1_254' title='bbox 1303 3276 1457 3355; x_wconf 86' lang='lat' dir='ltr'>apud</span> <span class='ocrx_word' id='word_1_255' title='bbox 1475 3276 1743 3343; x_wconf 79' lang='lat' dir='ltr'>Marium,</span> <span class='ocrx_word' id='word_1_256' title='bbox 1774 3275 1910 3332; x_wconf 86' lang='lat' dir='ltr'>item</span> 
     </span>
     <span class='ocr_line' id='line_1_37' title="bbox 1031 3356 1905 3432; baseline -0.001 -18"><span class='ocrx_word' id='word_1_257' title='bbox 1031 3358 1097 3414; x_wconf 91' lang='lat' dir='ltr'>M</span> <span class='ocrx_word' id='word_1_258' title='bbox 1132 3374 1163 3419; x_wconf 75' lang='lat'>2</span> <span class='ocrx_word' id='word_1_259' title='bbox 1746 3356 1905 3432; x_wconf 83' lang='lat' dir='ltr'>apud</span> 
     </span>
    </p>
   </div>
  </div>
 </body>
</html>
