2387 4040
547 370 1050 451 BELLUM
1090 378 1702 479 JUGURTH.
1840 408 1923 476 91

351 503 686 584 degrediens
712 526 839 561 cum
866 509 1113 565 exercitu
1140 510 1516 585 conspicatur.
1584 513 1779 569 Primo
1809 510 1919 566 du-

354 588 507 650 bius,
536 583 808 659 quidnam
833 585 1060 644 insolita
1088 587 1252 646 facies
1281 590 1615 658 ostenderet,
1645 589 1795 663 (nam
1822 591 1916 646 in·

354 684 441 723 tet
488 664 730 741 virgulta
782 670 937 742 equi,
972 668 1347 744 Numidaeque
1390 671 1776 738 consederant,
1812 691 1913 726 ne-

353 766 463 822 que
486 744 655 821 plane
680 747 946 801 occultati
971 746 1287 804 humilitate
1303 750 1590 815 arborum,
1618 765 1673 806 et
1702 766 1911 816 tamen,

354 823 629 902 quidnam
664 823 814 890 esset,
845 827 1069 891 incerti,
1100 848 1232 882 cum
1262 843 1462 885 natura
1492 830 1626 896 loci3
1662 844 1780 886 tum
1808 830 1923 886 ‹io-¹

355 909 415 962 lo
441 904 563 980 ipsi,
588 918 754 978 atque
776 903 926 981 signa
938 907 1224 971 militaria,
1243 907 1569 979 obscurati,)
1585 908 1740 974 dein,
1761 909 1918 965 brevi

354 985 595 1064 cognitis
625 982 861 1051 insidiis,
894 984 1203 1060 paullisper
1228 1006 1429 1063 agmen
1469 987 1777 1044 constituit.
1824 988 1916 1046 Ibi

354 1065 696 1123 conmutatis
711 1064 1027 1130 ordinibus,
1047 1068 1108 1121 in
1131 1065 1333 1122 dextro
1357 1066 1547 1132 latere,
1565 1067 1720 1144 quod
1738 1087 1917 1142 prox·

353 1165 559 1201 urnum
588 1142 768 1198 hostes
821 1159 957 1208 erat,
992 1145 1307 1219 triplicibus
1342 1145 1594 1203 subsidiis
1624 1148 1798 1203 aciem
1825 1147 1917 1204 in·

357 1225 592 1282 struxit:
641 1223 789 1277 inter
815 1224 1142 1296 manipulos
1159 1223 1499 1291 funditores,
1524 1242 1579 1283 et
1603 1228 1919 1304 sagittarios

354 1302 649 1379 dispertit:
699 1302 1010 1376 equitatum
1037 1307 1270 1360 omnem
1298 1304 1361 1360 in
1413 1307 1686 1362 cornibus
1726 1307 1912 1365 locate

358 1405 420 1441 ac
469 1401 648 1458 pauca
675 1400 779 1455 pro
823 1397 1078 1458 tempore
1104 1384 1311 1438 milites
1337 1384 1689 1449 cohortatus,
1715 1387 1913 1452 aciem,

357 1465 509 1520 sicuti
540 1461 898 1528 instruxerat,
945 1462 1263 1520 transvorsis
1292 1463 1594 1539 principiis
1615 1466 1919 1541 inplanum

358 1542 615 1600 deducit.
1806 1557 1815 1562 -

360 1734 368 1739 -
447 1704 613 1761 LIV.
668 1702 801 1770 Sed,
852 1704 952 1759 ubi
980 1699 1262 1760 Numidas
1288 1703 1533 1778 quietos,
1564 1724 1745 1781 neque
1771 1707 1918 1764 colle

359 1782 600 1861 degredi·
615 1784 1033 1848 animadvertit,
1061 1784 1275 1839 veritus
1299 1803 1368 1839 ex
1392 1785 1526 1840 anni
1551 1801 1827 1862 tempore,
1858 1802 1917 1843 et

358 1865 557 1940 inopia
585 1882 760 1937 aquae,
794 1882 866 1919 nc
893 1861 977 1918 fiti
1003 1860 1372 1920 conficeretur
1410 1867 1707 1931 exercitu3‚
1744 1866 1914 1922 Ruti·

358 1944 501 2001 lium
529 1944 776 2019 legatum
821 1963 952 1998 curn
995 1942 1278 2016 expeditis
1300 1941 1651 2009 cohortibus,
1685 1960 1739 1999 et
1761 1959 1918 2018 parte

363 2026 617 2101 equiturn
644 2023 905 2100 praemisit
932 2022 1006 2079 ad
1057 2022 1295 2089 flumen,
1353 2024 1439 2079 uti
1488 2024 1679 2080 locum
1730 2023 1916 2080 castris

359 2120 489 2160 ante
530 2117 772 2178 caperet,
802 2101 1137 2158 existumans
1166 2102 1347 2158 hostes
1369 2104 1563 2159 crebro
1611 2103 1832 2178 inpetu,
1862 2118 1919 2162 et

361 2182 677 2239 transvorsis
704 2182 910 2257 praeliis
952 2182 1060 2236 iter
1090 2180 1250 2236 suum
1264 2196 1661 2246 remoraturos,
1693 2198 1747 2238 et
1769 2202 1916 2255 quo-

358 2265 517 2319 niam
547 2264 716 2318 armis
742 2259 1087 2326 diffiderent,
1118 2259 1495 2315 laffitudinem
1519 2274 1573 2314 et
1592 2259 1737 2331 fitim
1763 2261 1915 2317 mili-

364 2358 486 2398 tum
515 2357 841 2398 tentaturos.
928 2338 1150 2396 Deinde
1178 2339 1297 2415 ipse
1323 2358 1430 2414 pro
1456 2359 1538 2405 re,
1569 2352 1736 2414 atque
1764 2340 1914 2408 loco,

363 2422 520 2478 sicuti
564 2438 757 2478 monte
798 2419 1176 2484 descenderat,
1225 2419 1526 2495 paullatim
1574 2420 1910 2495 procedere:
1957 2462 1965 2471 -

363 2504 611 2558 Marium
653 2501 776 2577 post
804 2499 1089 2575 principia
1116 2497 1350 2556 habere:
1399 2499 1516 2575 ipse
1543 2521 1672 2558 cum
1699 2499 1918 2560 finistrae

362 2583 463 2638 alae
491 2582 771 2656 equitibus
817 2578 944 2646 effe,
1002 2580 1102 2652 qui
1131 2579 1192 2634 in
1218 2580 1444 2655 agmine
1470 2579 1759 2654 principes
1787 2581 1916 2641 faeti

367 2676 550 2717 erant.
637 2662 722 2717 At
733 2657 1042 2737 jugurtha,
1094 2660 1193 2716 ubi
1220 2674 1535 2713 extremum
1560 2677 1762 2734 agmen
1790 2660 1917 2714 Me-

361 2741 487 2796 telli
537 2742 754 2816 primos
801 2740 926 2796 suos
977 2734 1410 2814 praetergreffum
1461 2736 1636 2802 videt,
1664 2737 1919 2812 praefidio

363 2819 512 2895 quasi
543 2820 723 2875 duum
767 2817 1016 2875 millium
1064 2816 1325 2891 peditum
1373 2832 1626 2875 montem
1654 2833 1914 2893 occupat,

363 2918 476 2974 qua
516 2897 777 2955 Metellus
826 2895 1215 2957 descenderat:
1263 2916 1337 2953 ne
1378 2896 1563 2963 sorte,.
1592 2897 1920 2957 cedentibus

370 2978 721 3045 adversariis,
752 2979 1025 3052 receptui,
1060 2996 1120 3032 ae
1163 2978 1309 3052 post,
1347 2977 1702 3035 munimento
1732 2979 1915 3035 foret:

364 3054 523 3123 dein,
579 3074 807 3133 repente
835 3058 988 3132 ligno
1036 3056 1193 3121 dato,
1248 3057 1428 3115 hostes
1465 3056 1703 3114 invadit.
1789 3059 1916 3115 Nu·

365 3137 533 3193 rnidae
586 3138 683 3193 alii
733 3136 1042 3212 postremos
1088 3137 1329 3193 caedere:
1377 3157 1504 3211 pars
1534 3157 1565 3192 a
1592 3136 1820 3201 sinistra,
1855 3156 1918 3193 ac

364 3217 564 3271 dextra
619 3231 863 3273 tentare:
935 3215 1136 3273 infensi
1191 3216 1389 3283 adesse,
1432 3232 1623 3291 atque
1679 3213 1910 3279 instare3

364 3297 632 3355 omnibus
661 3296 796 3354 locis
826 3297 1222 3354 Romanorum
1265 3295 1492 3355 ordines
1541 3292 1912 3360 conturbare3

1684 3388 1927 3451 quorum
