2387 4040
711 362 767 427 L
801 360 833 425 I
869 362 922 428 B
959 361 1014 427 E
1046 361 1111 428 R
1148 359 1276 427 ΙΙΙ.
1348 361 1547 428 Car.
1614 359 1739 429 XI.
1774 304 1932 445 ἱεινίᾗ

379 505 621 565 occupat
649 490 919 560 Galliam,
978 511 1048 546 ex
1078 488 1407 546 distantibus
1459 489 1710 549 hibernis
1763 488 1931 544 castra

369 568 684 625 contraxit.
734 572 804 626 Et
826 587 951 627 ante
980 571 1039 626 in
1062 569 1246 624 media
1274 571 1461 626 Gallia
1488 569 1617 635 fuit,
1663 588 1833 643 quaxn
1859 569 1928 623 ab

375 648 576 703 ultima
606 651 916 705 timeretur.
1001 649 1157 705 Tum
1184 649 1304 723 ipsa
1331 650 1513 724 capita
1546 649 1681 704 belli
1708 647 1925 724 aggres-

377 727 488 793 sus,
520 728 721 793 urbes3
770 728 1079 787 Avaricum
1107 747 1234 782 curn
1277 729 1648 803 quadraginta
1676 727 1926 782 millibus

374 808 864 880 propugnantium
891 807 1163 869 -sustulit3
1235 808 1502 863 Alexiarn
1551 807 1925 862 ducentorum

373 885 786 961 quinquaginta
823 887 1067 942 millium
1104 886 1739 960 juventute·subnixam
1768 885 1925 939 flam·

376 964 485 1018 mis
513 963 845 1036 adaequavit.
938 964 1105 1020 Circa
1145 965 1490 1041 Gergoviam
1532 967 1929 1021 Arvernorum

377 1057 492 1098 tota
513 1043 646 1097 belli
669 1045 843 1099 moles
865 1043 1005 1099 fuit:
1052 1045 1270 1118 quippe
1295 1064 1471 1118 quum
1487 1042 1770 1119 oftoginta
1796 1038 1927 1096 mil·

376 1121 455 1175 lia
494 1141 681 1186 mum,
734 1138 787 1177 et
815 1143 958 1188 arce,
991 1137 1045 1179 et
1072 1124 1324 1196 abruptis
1350 1122 1736 1186 defenderent,
1772 1141 1949 1176 max-·
2035 1154 2039 1158 ·

292 1212 296 1219 '
375 1200 550 1255 imam
580 1201 858 1256 civitatem
886 1201 1059 1267 valle,
1092 1201 1345 1265 sudibus,
1403 1217 1456 1259 et
1482 1200 1637 1267 foffa,
1668 1199 1929 1256 induflzo-
1982 1237 1993 1245 ·

371 1298 485 1351 que
513 1277 659 1336 foffae
689 1279 941 1346 flumine,
989 1280 1058 1336 ad
1089 1264 1199 1337 hoc
1223 1277 1416 1337 decem
1444 1296 1498 1336 et
1525 1280 1648 1336 osto
1677 1279 1926 1345 castellis,

373 1358 706 1433 ingentique
735 1359 907 1415 lorica
933 1359 1353 1422 circumdatam,
1382 1360 1628 1434 primum
1652 1358 1795 1414 fame
1823 1357 1931 1413 do·
2008 1432 2013 1438 .

371 1435 551 1490 muit:
600 1456 735 1491 mox
765 1438 1063 1494 audentem
1086 1439 1412 1512 eruptiones
1441 1439 1503 1493 in
1530 1439 1682 1492 vallo
1716 1435 1921 1512 gladiis

371 1513 711 1590 sudibusque
735 1516 1015 1572 concidit:
1047 1518 1352 1574 *noviffime
1375 1520 1436 1573 in
1463 1517 1813 1572 deditionem
1840 1535 1925 1569 re-

295 1598 308 1607 '
337 1649 341 1652 Α
369 1592 554 1668 degit.
643 1595 767 1668 Ipse
799 1596 894 1650 ille
933 1616 1055 1662 rex,
1109 1598 1424 1653 maximum
1462 1594 1700 1652 viRoriae
1730 1593 1922 1660 decus,

374 1671 616 1746 supplex
646 1692 821 1747 quum
849 1675 910 1728 in
935 1675 1099 1730 castra
1119 1675 1368 1741 venisset,
1404 1692 1524 1732 tum
1554 1690 1608 1729 et
1641 1671 1922 1750 phaleras,

376 1764 432 1805 et
458 1751 551 1805 sua
578 1771 729 1806 arma
755 1767 883 1809 ante
916 1753 1144 1810 Caesaris
1181 1776 1362 1831 genua
1407 1755 1682 1830 projecit:
1730 1752 1922 1819 Habet,

376 1828 591 1902 inquit,
649 1832 1042 1897 Fortem-vim,
1069 1836 1151 1889 vir
1157 1830 1451 1906 Jortffme,
1473 1828 1656 1908 vicssi.

826 1939 875 1998 C
964 1940 1023 1995 A
1105 1943 1175 1997 P.
1348 1942 1465 1997 XI.

891 2101 1081 2159 Bellum
1107 2103 1408 2160 Parthicum.

529 2242 666 2299 UM
707 2242 903 2299 Gallos
945 2262 1048 2317 per
1097 2242 1372 2299 Caesarem
1420 2244 1482 2299 in
1531 2240 1927 2318 septentrione

556 2321 820 2385 debellat,
852 2322 1082 2378 interim
1111 2323 1184 2377 ad
1213 2322 1510 2378 Orientem
1535 2341 1696 2397 grave
1717 2320 1926 2377 vulnus

285 2433 292 2438 ·
370 2421 404 2456 a
427 2400 650 2456 Parthis
679 2401 933 2474 Populus
962 2404 1254 2457 Romanus
1280 2403 1515 2478 accepit.
1570 2403 1690 2459 Nec
1710 2399 1780 2456 de
1808 2398 1927 2455 for-

377 2496 512 2535 tuna
553 2480 712 2554 queri
741 2479 1026 2554 poffu'rnus
1043 2498 1189 2538 caret
1218 2482 1415 2536 solatio
1446 2481 1654 2538 clades.
1700 2479 1926 2536 Adver-

259 2542 276 2549 ”
347 2620 352 2626 ,
373 2560 437 2614 {is
461 2575 515 2614 et
537 2558 648 2614 diis
673 2573 728 2614 et
753 2558 1103 2625 hominibuS,
1134 2560 1685 2635 cupiditas‘consulis
1716 2557 1920 2622 Crasti,

372 2639 511 2694 dum
537 2637 803 2695 Parthico
830 2638 1011 2693 inhiat
1048 2659 1210 2704 aur0,
1240 2639 1505 2694 undecim
1533 2639 1703 2714 strage
1746 2637 1925 2712 legio-

375 2736 536 2783 num,
566 2731 621 2771 et
645 2717 811 2790 ipfius
835 2718 1018 2792 capite
1041 2719 1276 2773 multata
1301 2717 1405 2776 est:
1437 2732 1491 2776 et
1518 2719 1774 2773 tribunus
1803 2717 1927 2789 ple·

372 2796 457 2852 bis
484 2797 757 2853 Mla-tullus
786 2811 1083 2852 exeuntem
1110 2796 1311 2854 ducem
1339 2794 1633 2853 hostilibus
1660 2796 1797 2853 diris
1822 2795 1922 2850 de·-

369 2889 629 2932 voverat:
686 2890 739 2929 et
786 2871 963 2948 quum
1022 2875 1274 2951 Zeugma
1323 2874 1582 2934 tranliffet
1624 2875 1920 2939 exercitu&

372 2964 530 3026 rapta
558 2952 748 3008 subitis
786 2953 935 3029 signa
983 2956 1300 3010 turbinibus
1352 2953 1528 3011 hausit
1574 2955 1917 3028 Euphrates:

375 3047 431 3087 et
456 3051 634 3106 quum
662 3031 814 3106 apud
845 3033 1261 3107 Nicephorium
1289 3034 1453 3090 castra
1484 3033 1765 3109 posuiffet,
1794 3034 1924 3089 mis-

373 3111 409 3165 fi
440 3113 509 3166 ab
540 3110 737 3166 Orode
766 3130 892 3186 rege
919 3112 1086 3187 legati
1133 3113 1554 3177 denuntiavere,
1600 3106 1926 3186 perctffirum

370 3209 477 3245 oum
505 3190 725 3261 Pompeio
729 3185 975 3259 soederum
1003 3190 1233 3265 Sullaque
1275 3185 1581 3264 meming'ffet.
1628 3192 1805 3266 Regis
1832 3192 1923 3246 in-

372 3266 534 3327 hians
562 3268 658 3324 ille
687 3266 977 3337 thesauris,
1007 3268 1178 3335 nihil,
1208 3289 1281 3326 ne
1324 3270 1662 3346 imaginario
1689 3269 1924 3343 quidem

1770 3365 1920 3422 Jure,
