2387 4040
482 383 615 469 0253
790 381 870 449 L
925 378 1339 453 ANNAEI
1412 379 1781 450 FLOR!

473 510 595 575 ille,
625 512 722 584 qui
752 526 1017 568 terrarum
1067 514 1258 569 orbem
1289 515 1439 569 civili
1466 514 1735 605 sanguine
1765 513 2031 588 impleve-

478 607 583 657 rat,
619 591 841 645 tandem
870 592 984 668 ipse
1019 578 1286 669 saiiguine
1315 592 1410 649 suo
1442 596 1653 649 curiam
1681 593 1958 668 implevit.

937 776 986 832 c
1031 761 1164 831 ‘'A.
1223 777 1291 833 P.
1466 777 1586 832 111.

1029 932 1193 1008 Caesar
1232 931 1488 1010 Augrstus.

611 1065 981 1123 OPULUS
1035 1066 1351 1133 Romanus»,
1390 1068 1602 1123 Caesare
1651 1084 1705 1123 et
1762 1069 2043 1144 Pompeio

641 1145 947 1208 trucidatis,
980 1144 1196 1200 rediisse
1223 1148 1281 1200 iu
1326 1146 1520 1202 statum
1549 1148 1789 1223 pristinae
1817 1150 2038 1203 liberta-

485 1228 556 1281 tis
582 1223 909 1280 videbatur:
943 1236 996 1278 et
1019 1224 1277 1290 redierat,
1309 1225 1408 1280 nifi
1441 1242 1551 1280 aut·
1571 1228 1871 1302 Pompeius
1901 1229 2040 1281 libe-

484 1323 599 1369 rm,
653 1317 746 1358 aut
784 1303 966 1359 Caesar
1010 1302 1275 1359 heredem
1327 1305 1662 1378 reliquisset·
1719 1308 1831 1372 vel,
1881 1304 2039 1380 quod

482 1400 722 1457 utroque
753 1381 1101 1456 perniciosius
1128 1381 1257 1449 fuit,
1288 1383 1321 1438 fi
1343 1403 1460 1438 non
1491 1386 1705 1462 collega
1726 1385 2037 1459 quondam,

487 1484 621 1519 mox
647 1465 879 1518 aemulus
904 1461 1220 1517 Caesariauae
1250 1454 1533 1536 pote'ntiae,
1565 1463 1655 1518 fax
1692 1480 1745 1519 et
1773 1467 1936 1519 turbo
1959 1464 2039 1518 se-

486 1543 704 1617 quentis
759 1541 945 1603 seculi,
1004 1540 1348 1614 superfuisset
1407 1542 1752 1599 Antonius
1809 1545 2045 1633 Quippe

485 1623 623 1677 dum
648 1620 844 1676 Sextus
867 1634 1096 1693 paterna
1117 1621 1342 1711 repetit3
1363 1621 1701 1694 trepidatum
1730 1637 1848 1677 toto
1871 1623 2034 1677 mari.

487 1702 640 1756 Dum
663 1698 921 1754 Ostavius
944 1714 1179 1754 mortem
1202 1701 1372 1774 patris
1397 1700 1740 1767 ulciscitur,
1727 1717 1929 1757 iterum
1951 1700 2040 1755 fu-

489 1782 534 1836 it
565 1776 837 1833 movenda
860 1776 1163 1832 Theffalia.
1239 1779 1393 1834 Dum
1419 1780 1714 1836 Antonius
1741 1783 1921 1837 varius
1952 1782 2041 1835 in-

490 1858 681 1935 genio
714 1870 807 1912 aut
835 1855 1187 1912 successorem
1244 1858 1469 1913 Caesaris
1499 1859 1828 1935 indignatur
1873 1858 2043 1915 Οᾶε-

491 1941 671 2002 vium,
704 1950 799 1991 aut
849 1954 1037 1990 amore
1069 1936 1384 2011 Cleopatrae
1437 1936 1681 1993 desciscit
1723 1940 1784 1993 in
1827 1958 2036 2014 regem,

490 2017 648 2073 aliter
674 2017 849 2071 salvus
871 2011 969 2070 effe
993 2035 1108 2071 non
1133 2017 1344 2092 potuit
1366 2016 1465 2071 nisi
1486 2017 1816 2095 confugisset
1844 2019 1912 2074 ad
1936 2019 2041 2073 ser-

491 2098 745 2154 vitutem.
820 2095 1236 2150 Gratulandum
1268 2112 1451 2151 tamen
1479 2099 1538 2151 in
1573 2113 1724 2152 tanta
1754 2099 2042 2172 perturba·-

493 2179 648 2233 tione
674 2174 771 2238 est,
802 2173 955 2249 quod
986 2172 1329 2249 potiffirnum
1353 2175 1421 2230 ad
1454 2176 1752 2232 Octavium
1779 2177 2048 2233 Caesarem

493 2256 810 2333 Augustum
830 2254 1052 2312 summa
1080 2274 1265 2309 rerum
1294 2255 1495 2309 rediit:
1529 2257 1627 2330 qui
1656 2257 1926 2331 sapientia
1955 2255 2048 2310 sua

496 2351 659 2409 atque
686 2334 904 2390 solertia
945 2333 1260 2407 perculsum
1293 2334 1543 2407 undique
1572 2350 1624 2389 et
1664 2336 2049 2411 perturbatum

496 2415 782 2470 ordinavit
809 2413 1035 2502 imperii
1071 2431 1300 2486 corpus.
1390 2413 1565 2490 Quod
1593 2416 1670 2470 ita
1698 2414 1850 2471 haud
1878 2415 2050 2470 dubie

496 2512 786 2567 nunquam
834 2493 980 2547 coire
1008 2507 1059 2546 et
1087 2492 1396 2548 consentire
1440 2493 1719 2567 potuisset,
1754 2495 1855 2550 uifi
1883 2493 2052 2548 unius

497 2571 734 2649 praesidis
784 2586 950 2636 nutu,
1004 2571 1150 2644 quasi
1200 2572 1389 2626 anima
1416 2589 1468 2627 et
1505 2587 1690 2628 mente
1742 2588 2043 2650 regeretur.

497 2655 689 2713 Marco
734 2649 1016 2715 Antoni0‚
1073 2651 1277 2706 Publio
1332 2651 1627 2707 Dolabella
1679 2652 2044 2718 Consulibus»,

497 2733 799 2808 imperium
836 2731 1200 2788 Romanum
1169 2749 1296 2805 jam
1322 2729 1393 2784 ad
1427 2729 1662 2787 Caesares
1693 2732 2053 2787 transferente

503 2812 752 2876 fortuna,
786 2811 967 2865 varius
999 2824 1052 2864 et
1080 2808 1385 2884 multiplex
1414 2811 1645 2865 civitatis
1697 2827 1881 2866 motus
1912 2808 2044 2868 fuit.

507 2889 834 2965 Quodque
821 2908 881 2941 in
908 2907 1094 2943 annua
1117 2889 1241 2944 coeli
1269 2890 1620 2945 conversione
1652 2891 1770 2946 fieri
1801 2890 1961 2952 solet,
1990 2903 2054 2944 ut

500 2982 654 3028 mota
679 2967 850 3024 fidei-a
888 2981 1107 3032 tonent,
1138 2986 1199 3023 ac
1227 2966 1350 3023 suos
1379 2969 1552 3024 flexus
1602 2969 1885 3044 tempestat
1888 2988 1914 3024 e
1946 2969 2050 3045 fig-

502 3048 755 3104 nificent.
839 3044 924 3100 Sic
954 3065 1079 3101 curn
1107 3048 1377 3104 Romanae
1399 3048 1828 3138 dominationis,
1863 3047 1923 3102 id
1952 3050 2047 3113 est,

505 3124 741 3184 humaui
785 3126 997 3201 generis
1038 3125 1412 3193 converfione‚
1465 3127 1691 3201 penitus
1731 3129 2050 3193 intremuit,

508 3207 775 3281 omnique
806 3225 1004 3281 genere
1034 3205 1439 3270 discriminum,
1475 3208 1753 3273 civilibus,
1789 3206 2057 3262 terrestri·-

509 3290 633 3351 bu3‚
666 3305 725 3342 ac
741 3286 1035 3343 *navalibus
1059 3286 1240 3349 bellis,
1262 3305 1431 3342 omne
1452 3285 1679 3361 imperii
1706 3305 1909 3361 corpus
1934 3286 2052 3361 agi-

510 3380 686 3428 tatum
713 3366 808 3424 est.
1829 3366 1877 3422 C
1904 3366 1961 3420 A
1986 3366 2053 3420 P.
