2387 4040
492 354 623 441 «265
767 352 890 421 -L.1
927 342 1351 425 ΑΝΝΑῑι
1420 352 1785 425 nom

469 485 567 541 ille
594 483 774 540 defuit
802 485 976 551 vitiis,
1009 487 1156 560 quin
1198 489 1425 560 periret,
1454 489 1572 543 imo
1601 488 1796 542 omnia
1824 506 2028 562 exper-

473 580 560 619 tus
590 564 803 620 ambitu
831 580 885 619 et
927 567 1168 630 luxuria,
1200 567 1448 639 primum
1477 564 1679 631 hostem
1712 565 1920 621 deinde
1955 567 2036 622 ci-

472 663 587 707 ves,
622 642 846 700 tandem
879 645 1045 701 etiam
1080 661 1288 701 terrore
1338 645 1419 701 sui
1471 645 1717 701 seculum
1749 643 2033 700 liberavit.

477 720 672 777 Parthi
698 722 854 779 clade
887 723 1184 787 ,Craffiana
1233 725 1397 781 altius
1451 724 1668 781 animos
1694 739 2031 779 erexerant:

476 800 772 875 civilesque
802 802 1012 878 Populi
1057 804 1307 859 Romani
1335 803 1638 859 discordias
1670 803 1776 860 laeti
1809 822 2037 875 accepe-

479 894 642 935 rant:
691 880 879 956 itaque
906 898 967 937 ut
1011 884 1197 956 prima
1223 878 1418 937 affulsit
1444 882 1675 947 occasio,
1706 901 1826 936 non
1867 881 2037 936 dubi—

482 973 738 1015 taverunt
780 980 1094 1035 erumpere,
1129 962 1280 1017 ultro
1303 961 1535 1034 quidem
1565 962 1834 1016 invitante
1864 960 2034 1014 Labi·-

481 1056 613 1093 eno.
703 1041 824 1114 Qui
853 1040 1041 1096 missus
1071 1061 1101 1094 a
1135 1040 1342 1106 Cassae,
1377 1043 1665 1113 Brutoque
1690 1037 1834 1114 (quis
1878 1038 2039 1094 fiiror

484 1116 747 1172 scelerum
767 1118 807 1190 2)
843 1120 1229 1175 sollicitaverat
1246 1119 1422 1174 hostes
1440 1119 1498 1173 in
1526 1119 1804 1174 auxilium
1824 1134 1927 1174 :et
1953 1119 2038 1173 illi

481 1195 693 1251 Pacoro
737 1197 902 1263 duce,
953 1201 1112 1275 regio
1138 1201 1364 1275 juvene,
1396 1197 1657 1287 dissipant
1702 1199 2037 1253 Antoniana

483 1274 757 1347 praesidia,
789 1276 933 1334 Saxa
959 1279 1198 1354 legum,
1252 1299 1323 1333 ne
1349 1278 1564 1333 veniret
1588 1279 1649 1332 in
1678 1277 2029 1351 potestatem,

484 1372 514 1406 a
545 1352 735 1428 gladio
781 1356 879 1411 suo
937 1357 1274 1431 impetravit.
1343 1356 1602 1429 Denique
1644 1356 2027 1431 ablata'Syria‚

482 1434 772 1488 emanabat
795 1436 956 1493 latius
984 1438 1217 1501 malum,
1252 1436 1496 1491 hostibus
1523 1436 1616 1490 sub
1638 1437 1836 1491 auxilii
1860 1436 2035 1509 specie

481 1510 579 1565 fibi
634 1512 1007 1579 vincentibuS,
1049 1516 1148 1570 nisi
1193 1515 1525 1580 Ventidius,
1584 1532 1637 1570 et
1681 1514 1774 1570 hic
1828 1517 2037 1589 legatus

474 1592 1108 1656 Antonii‚-incredibili
1151 1593 1413 1649 felicitate
1443 1609 1497 1649 et
1529 1594 1760 1650 Labieni
1808 1596 2021 1668 copias»,

476 1671 771 1745 ipsumque
799 1674 1097 1738 Pacorum,
1129 1688 1182 1728 et
1212 1690 1439 1728 omnem
1463 1672 1787 1728 Parthicum
1816 1674 2029 1747 equita-

480 1764 622 1813 tum,
657 1765 776 1805 toto
805 1752 952 1807 inter
978 1752 1261 1808 Orontem
1290 1770 1343 1807 et
1388 1750 1733 1826 Euphratem
1773 1752 1892 1807 finu
1924 1754 2031 1807 late

478 1827 773 1884 cecidisset.
815 1830 1034 1907 ‘Viginti
1064 1833 1304 1907 amplius
1326 1831 1572 1887 millium
1598 1830 1726 1886 fuit.
1773 1833 1892 1888 Nec
1922 1831 2029 1885 sine

474 1909 701 1963 consilio
727 1908 907 1966 ducis.
959 1912 1082 1986 Qui
1113 1911 1366 1967 simulato
1397 1925 1550 1966 metu
1581 1910 1721 1966 adeo
1746 1910 1924 1991 paffus
1952 1909 2027 1964 est

479 1985 690 2044 hostem
719 1989 900 2046 castris
944 1989 1252 2064 succedere,
1300 1990 1502 2056 donec,
1558 1991 1809 2047 absumto
1858 1988 2029 2066 jastius

474 2066 677 2139 spatie,
714 2068 984 2125 adimeret
1015 2070 1177 2125 usum
1202 2071 1545 2146 sagittarum.
1593 2072 1719 2125 Rex
1747 2070 2029 2126 fortiffime

472 2144 743 2201 dimicans
769 2148 992 2203 cecidit.
1038 2152 1180 2204 Mox
1208 2150 1530 2223 circumlato
1563 2152 1678 2224 ejus
1706 2170 1809 2225 per
1832 2151 2019 2212 urbe3‚

471 2243 591 2296 quae
619 2223 981 2293 desciverant,
1035 2229 1239 2302 capite,
1268 2229 1425 2304 Syria
1457 2230 1568 2284 fine
1600 2229 1748 2283 bello
1779 2243 2021 2302 recepta.

470 2302 559 2357 Sic
591 2303 934 2371 Craffianam
959 2307 1170 2362 cladem
1201 2308 1400 2363 Pacori
1441 2308 1585 2364 caede
1613 2307 1982 2381 pensavimus.

909 2495 1255 2551 CAP.
1457 2495 1540 2550 X.

797 2654 990 2710 Bellum
1019 2655 1303 2711 Parthicum
1331 2674 1437 2710 cum
1465 2652 1696 2710 Antonio.

601 2776 661 2830 X
677 2776 722 2831 P
740 2777 786 2831 E
802 2777 854 2830 R
871 2777 926 2832 T
939 2777 964 2829 *1
982 2776 1017 2833 S
1053 2777 1299 2846 invicem
1350 2774 1572 2831 Parthis
1603 2773 1764 2848 atque
1818 2775 2030 2829 Roma-

628 2856 739 2919 nis,
773 2874 950 2927 quum
1004 2855 1226 2916 Crassus
1253 2870 1414 2928 atque
1468 2855 1705 2910 Pacorus
1751 2854 2029 2927 utrimque

375 2935 386 2941 ’
457 2935 680 2989 'virium
705 2947 1027 2989 mutuarum
1077 2934 1422 2990 documenta
1448 2933 1708 2997 feciffent‚
1754 2934 1877 3005 pari
1906 2943 2029 2988 rur-

468 3013 557 3070 sus
579 3011 906 3076 reverentia‚
934 3013 1209 3088 integrata
1231 3013 1492 3077 amicitia,
1520 3029 1572 3069 et
1593 3011 1820 3087 quidem
1846 3014 1915 3066 ab
1939 3013 2030 3085 ip-

466 3092 524 3147 so
556 3090 737 3146 foedus
762 3092 1028 3147 Antonio
1056 3111 1183 3147 cum
1211 3111 1339 3167 rege
1361 3091 1693 3165 percussum.
1781 3090 1889 3147 Sed
1921 3092 2032 3145 im-

379 3205 384 3210 ·
471 3170 659 3227 mensa
687 3172 898 3229 vanitas
941 3169 1210 3237 hominis,
1246 3171 1387 3226 dum
1416 3171 1708 3226 titulorum
1759 3171 2033 3245 cupidine

467 3248 744 3313 Araxem'
777 3265 831 3307 et
858 3249 1209 3327 Euphratem
1229 3277 1242 3283 ·
1260 3250 1356 3306 sub
1384 3250 1723 3325 imaginibus
1777 3250 1886 3307 suis
1917 3248 2053 3323 legi·
