2387 4040
431 390 554 437 102
626 367 699 436 C.
757 365 1180 438 CRISPI
1235 362 1881 438 SALL-USTII

430 501 759 573 experiretur:
805 498 978 555 τηηὲἶα
1019 496 1240 574 prqspere
1287 509 1536 556 eventura.
1584 500 1668 556 At
1695 501 1904 557 illum'
1878 522 2000 579 jam

429 596 592 637 antea
621 579 963 636 Consulatus
1015 582 1216 657 ingens
1265 578 1477 655 cupido
1505 583 1865 656 exagitabat:
1914 581 1988 636 ad

425 680 597 751 quem
625 662 996 738 capiundum,
1028 676 1237 736 preter
1259 659 1583 716 vetustatem
1600 661 1853 728 familiae,
1888 662 1999 716 alia

429 740 626 796 omnia
674 741 898 796 abunde
924 756 1111 797 erant:
1149 740 1441 806 industria,
1470 741 1743 815 probitaS,
1780 741 1999 797 militiae

428 839 634 897 magna
662 821 909 886 scientia,
965 822 1186 876 animus
1240 820 1373 876 belli
1419 821 1643 896 ingens,
1675 820 1834 877 domi
1869 840 1996 876 mo-

427 898 613 967 dicus,
647 900 947 966 lubidinis,
969 917 1021 956 et
1041 900 1367 956 divitiarum
1382 899 1576 966 vietor,
1598 900 2001 957 tantummodo
2042 897 2047 900 ’

427 983 621 1058 gloriae
651 981 868 1038 avidus,
915 980 1023 1037 Sed
1055 982 1098 1035 is
1127 994 1312 1046 natus,
1358 995 1413 1036 et
1438 999 1667 1036 omnem
1695 980 2000 1055 pueritiam

427 1060 647 1137 Arpini
673 1062 837 1123 altus»,
854 1061 953 1116 ubi
973 1060 1231 1135 primum
1254 1074 1377 1116 aetas
1401 1061 1614 1117 militiae
1629 1062 1846 1136 patiens
1858 1059 1995 1125 fuit,

430 1139 721 1213 stipendiis
773 1139 1076 1204 faciundiS,
1112 1159 1231 1195 non
1265 1139 1456 1196 Graeca
1483 1139 1773 1208 facundia,
1819 1159 2001 1214 neque

351 1282 356 1291 ¹
427 1220 660 1276 urbanis
686 1219 984 1279 munditiis
1017 1219 1122 1275 sese
1147 1221 1430 1276 exercuit:
1466 1220 1542 1274 ita
1563 1220 1713 1275 inter
1736 1221 1867 1276 artis
1896 1222 1998 1275 bo-

430 1320 531 1357 nas
557 1300 838 1377 integrum
866 1300 1158 1376 ingenium
1189 1300 1345 1358 brevi
1375 1299 1645 1356 adolevit.
1724 1302 1874 1376 Ergo
1903 1301 2003 1356 ubi

432 1381 680 1457 primum
693 1382 1038 1437 tribunatum
1065 1380 1407 1438 militarema
1433 1380 1654 1455 populo
1677 1381 1842 1453 petit,
1877 1379 2001 1455 ple-

432 1461 612 1537 risque
663 1459 858 1517 faciem
886 1463 998 1538 ejus
1027 1461 1443 1538 ignorantibus»,
1480 1459 1638 1516 facile
1689 1474 1857 1514 notus
1902 1479 2003 1534 per

433 1542 618 1598 omnis
648 1542 823 1598 tribus
849 1541 1184 1597 declaratur.
1230 1539 1456 1598 Deinde
1478 1541 1549 1594 ab
1574 1559 1640 1595 eo
1654 1538 1995 1615 magistratu,

428 1623 608 1679 alium
636 1620 759 1695 post
789 1622 962 1676 alium
995 1621 1095 1676 fibi
1119 1620 1361 1694 peperit
1380 1639 1423 1683 x»,
1444 1619 1763 1694 stmperque
1803 1620 1866 1675 in
1896 1637 2001 1694 po·

435 1702 717 1758 testatibus
770 1719 838 1756 eo
886 1698 1060 1754 modo
1090 1701 1358 1774 agitabat,
1415 1714 1479 1756 ut
1508 1700 1806 1774 ampliore,
1838 1719 2004 1775 quam

437 1780 685 1857 gerebat,
744 1778 949 1856 dignus
995 1778 1317 1834 haberetur.
1404 1778 1622 1838 Tamen
1653 1781 1696 1835 is
1726 1780 1797 1835 ad
1826 1779 1887 1836 id
1916 1781 2002 1834 lo-

434 1879 633 1917 corum
681 1860 803 1916 talis
856 1858 968 1924 vir,
1026 1878 1156 1913 nam
1188 1859 1376 1933 postca
1422 1859 2003 1935 ambitione‘praeceps

442 1940 606 1996 datus
658 1938 754 2008 est,
810 1938 1186 1996 Consulatum
1241 1938 1504 2013 adpetere
1556 1959 1677 1995 non
1736 1938 1996 1996 audebat.

437 2022 627 2078 ¹Etiam
651 2035 768 2077 tum
798 2022 936 2077 alios
990 2017 1336 2095 magistratus
1378 2019 1591 2095 plebes,
1628 2019 2004 2077 Consulatum

441 2103 710 2159 nobilitas
738 2101 885 2159 inter
938 2099 989 2157 se
1045 2119 1148 2176 per
1199 2119 1393 2157 manus
1449 2099 1722 2156 tradebat.
1808 2101 2005 2157 Novus

440 2200 611 2239 nemo
644 2197 755 2236 tam
783 2182 983 2248 claruS,
1015 2198 1196 2254 neque
1228 2195 1336 2237 tam
1366 2181 1605 2255 egregiis
1652 2180 1813 2243 {aclis
1854 2197 1997 2245 erat,

444 2264 585 2336 quin
614 2263 659 2318 is
689 2261 959 2339 indignus
1007 2260 1111 2317 illo
1165 2260 1515 2327 h01102e.,.-et
1550 2261 1709 2336 ,quali
1756 2261 2010 2335 pollutus

446 2343 766 2401 haberetur.

534 2503 814 2561 LXVIII.
846 2505 1063 2581 Igitur:
1112 2506 1215 2563 ubi
1252 2506 1468 2562 Marius
1516 2504 1822 2581 haruspicis
1864 2503 2011 2561 dieta

447 2585 649 2642 eodem
677 2585 969 2643 intendere
1017 2585 1193 2653 videt,
1227 2606 1340 2661 quo
1370 2587 1583 2662 cupido
1616 2588 1790 2642 animi
1819 2586 2011 2641 horta·-

449 2668 649 2732 batur3
699 2667 790 2723 ab·
819 2667 1058 2724 Metello
1090 2668 1333 2742 petundi
1378 2668 1554 2743 gratia
1579 2667 1890 2723 mistionem
1916 2684 2011 2720 ro-

451 2763 580 2822 gat:
619 2748 710 2803 cui
737 2768 1080 2823 quamquam
1108 2749 1309 2813 virtus,
1346 2748 1547 2823 gloria,
1581 2762 1743 2822 atque
1772 2748 1879 2801 alia
1903 2765 2012 2819 op·-

451 2827 623 2895 tanda
655 2829 818 2883 bonis
868 2828 1226 2902 superabant,
1273 2844 1458 2883 tamen
1493 2828 1672 2884 inerat
1700 2841 2017 2891 contemtor

451 2906 696 2970 animuS,
729 2920 784 2960 et
805 2907 1083 2981 superbia,
1111 2926 1413 2965 commune
1432 2906 1744 2964 nobilitatis
1771 2906 2008 2963 malum.

450 2985 650 3058 Itaque
676 2984 931 3060 primum
959 3001 1273 3042 commotus
1305 2986 1532 3044 insolita
1560 3008 1642 3055 re,
1678 2987 1871 3042 mirari
1897 2988 2015 3062 ejus

452 3065 776 3120 confilium:
826 3081 880 3122 et
916 3066 1061 3142 quali
1112 3086 1216 3141 per
1265 3067 1569 3124 amicitiam
1614 3087 1871 3133 monere,
1924 3063 2018 3121 Ne

452 3157 552 3200 tam
570 3149 730 3219 prava
776 3147 1030 3220 inciperet,
1063 3143 1590 3220 neusuper‘fortunam
1629 3151 1847 3205 animum
1872 3154 2017 3218 gere-

451 3236 561 3283 ret:
605 3247 701 3283 non
750 3229 912 3283 omnia
936 3227 1153 3287 omnibus
1188 3227 1424 3300 cupienda
1450 3222 1582 3302 effin-
1625 3228 1795 3284 debere
1841 3226 1919 3282 illi
1944 3245 2021 3281 res

439 3305 705 3384 suassatis
746 3308 973 3385 placere:
1011 3302 1115 3384 129st
1119 3326 1247 3367 remo
1268 3318 1460 3368 caveret
1486 3309 1541 3368 id
1557 3315 1724 3384 petere
1766 3305 2021 3444 aRPopulo

1850 3404 2021 3443 omano
