2387 4040
536 359 1001 430 BELLUM
1044 358 1458 459 JUGUR
1485 358 1660 432 TH.
1772 323 1935 454 123*

350 493 512 551 sicuti
539 495 795 552 omnium
846 493 1110 560 ferarum,
1168 492 1367 570 inopia
1413 494 1525 552 cibi
1565 494 1781 551 acrior:
1825 492 1902 552 ad

353 570 489 637 hoc,
510 587 707 630 natura
736 574 1076 649 serpentium
1097 572 1218 648 ipsa
1240 573 1572 649 perniciosa,
1598 574 1897 651 fitimagisn,

350 672 525 727 quam
552 654 659 710 alia
683 674 740 710 re
768 654 1114 724 accenditur.
1204 654 1338 730 Ejus
1357 653 1627 729 potiundi
1653 655 1905 712 Marium

350 751 618 790 maxuma
671 732 881 809 cupido
935 732 1227 799 invaserat,
1284 754 1416 790 cum
1462 747 1698 808 propter
1740 734 1902 791 usum

356 811 512 878 belli,
572 829 692 870 tum
738 815 873 887 quia
913 832 998 868 res
1027 811 1217 886 aspera
1242 812 1573 869 videbatur:
1620 826 1677 869 et
1701 813 1907 869 Metel-

353 888 444 946 lus
468 892 752 966 oppidum
779 892 1022 950 Thalam
1046 912 1252 969 magna
1273 892 1452 969 gloria
1482 907 1726 967 ceperat,
1750 890 1908 948 haud

356 968 688 1028 diffimiliter
713 972 898 1038 fiturn,
934 971 1364 1046 munitumque:
1419 971 1522 1027 nisi
1565 971 1721 1046 quod
1752 970 1908 1045 apud

352 1047 597 1107 Thalam
644 1071 764 1107 non
814 1052 985 1128 longe
1039 1072 1070 1107 a
1120 1052 1400 1108 moenibus
1453 1052 1670 1126 aliquot
1719 1049 1908 1110 fontes

354 1146 545 1186 erant:
596 1131 900 1205 Capsenses
944 1150 1056 1186 una
1083 1131 1282 1197 mode,
1325 1147 1488 1206 atque
1510 1152 1579 1187 ea
1621 1132 1769 1187 intra
1797 1148 1910 1206 op-

354 1208 561 1284 pidum
603 1212 732 1287 jugi
776 1231 940 1287 aqua,
971 1225 1149 1266 cetera
1184 1210 1378 1286 pluvia
1414 1212 1738 1267 utebantur.
1828 1209 1905 1267 Id

354 1289 572 1361 ibique,
604 1306 658 1346 et
681 1290 745 1345 in
770 1292 929 1346 omni
953 1289 1177 1356 Africa,
1203 1311 1327 1365 quae
1351 1290 1552 1365 procul
1579 1310 1611 1344 a
1636 1309 1785 1345 mare
1814 1290 1905 1344 in-

319 1423 334 1431 ,
355 1370 561 1426 cultius
588 1371 807 1447 agebat,
841 1391 907 1426 eo
936 1369 1152 1426 facilius
1196 1370 1559 1433 tolerabatur,
1600 1368 1732 1442 quia
1784 1370 1908 1426 Nu-

357 1448 523 1506 midae
551 1451 886 1525 plerumque
932 1450 1092 1515 lacte,
1135 1467 1191 1506 et
1218 1448 1400 1505 ferina
1426 1468 1588 1503 carne
1617 1447 1912 1503 vesceban-

357 1541 466 1595 tur,
503 1549 687 1603 neque
741 1530 928 1596 salem,
981 1548 1166 1604 neque
1213 1530 1323 1584 alia
1374 1525 1720 1584 irritamenta
1767 1527 1906 1608 gulae

356 1610 701 1682 quaerebant.
788 1609 967 1665 Cibus
994 1610 1107 1665 ims
1157 1607 1451 1665 adversum
1475 1606 1701 1673 famem,
1743 1621 1909 1683 atque

357 1686 525 1755 titini,
556 1707 676 1746 non
699 1687 953 1755 libidini,
983 1710 1164 1766 neque
1190 1685 1428 1746 luxuri'ae
1457 1702 1604 1745 erat.
1635 1713 1643 1721 ·

363 1887 370 1892 -
406 1835 408 1837 ³
439 1848 638 1906 XCV.
672 1849 857 1925 Igitur
883 1849 1123 1916 Consul,
1142 1850 1407 1906 omnibus
1435 1847 1764 1923 exploratiS,
1790 1867 1909 1903 cre·
1988 1897 2003 1903 ,

359 1924 435 1994 do
491 1930 620 1986 Diis
660 1929 855 1996 fretUS,
908 1952 1040 1990 narn
1084 1945 1281 1987 contra
1329 1945 1507 1984 tantas
1554 1924 1909 1982 difficultates

359 2007 589 2066 consilio
656 2009 780 2066 satis
849 2008 1151 2086 providere
1214 2029 1336 2065 non
1384 2006 1633 2084 poterat:
1693 2006 1910 2080 quippe

358 2091 522 2145 etiam
552 2089 820 2146 frumenti
850 2091 1051 2166 inopia
1090 2091 1430 2155 tentabatur,
1460 2085 1621 2162 quod
1643 2083 1911 2141 Numidae

359 2170 570 2244 pabulo
611 2172 828 2242 pecoris
881 2170 1079 2245 magiS,
1136 2189 1308 2243 quam
1347 2184 1503 2232 arv0,
1557 2165 1798 2230 studens,
1830 2178 1907 2226 et,

358 2247 756 2322 quodcumque
770 2265 971 2305 natum
987 2248 1187 2312 fuerat,
1208 2244 1359 2321 juffu
1378 2247 1524 2322 regis
1546 2245 1608 2298 in
1636 2247 1758 2300 loca
1783 2264 1911 2299 mu-

359 2328 478 2385 nita
504 2329 859 2383 contulerant
885 2351 899 2384 :
950 2348 1081 2403 ager
1109 2342 1294 2383 autem
1339 2327 1551 2391 ariduS,
1609 2341 1662 2379 et
1690 2323 1915 2399 frugum

293 2478 304 2491 ὓ
339 2426 559 2464 -vacuus
587 2427 650 2462 ea
674 2409 1022 2483 tempestate:
1057 2428 1188 2463 nam
1213 2406 1399 2465 aestatis
1416 2420 1730 2462 extremum
1755 2418 1905 2468 erat3

365 2502 553 2545 tamen
583 2506 688 2562 pro
735 2489 813 2542 rei
862 2489 1026 2562 copia
1073 2488 1199 2543 satis
1248 2487 1609 2562 providenter
1636 2500 1872 2541 exornat
1890 2503 1929 2538 :2

361 2586 530 2642 pecus
555 2587 747 2630 omne,
781 2568 938 2641 quod
966 2567 1344 2641 superioribus
1373 2567 1569 2623 diebus
1593 2564 1790 2639 praedae
1819 2563 1911 2618 fu·

362 2660 498 2710 erat,
571 2647 851 2722 equitibus
904 2648 1215 2704 auxiliariis
1271 2645 1551 2722 agendum
1602 2643 1908 2697 adtribuit:

360 2725 446 2782 A.
480 2726 760 2782 Manlium
807 2726 1053 2803 legatum
1102 2748 1232 2783 cum
1272 2724 1599 2781 cohortibus
1630 2722 1911 2795 expeditis

361 2805 434 2861 ad
462 2805 745 2881 oppidum
776 2806 954 2880 LariS,
1007 2807 1110 2861 ubi
1137 2805 1498 2880 stipendium,
1556 2817 1612 2857 ct
1633 2820 1912 2858 commea-

360 2901 482 2942 tum
510 2886 804 2949 locaverat,
858 2886 939 2939 ire
981 2886 1172 2960 jubet:
1224 2884 1468 2959 dicitque
1496 2885 1546 2938 se
1575 2883 1912 2958 praedabun-

359 2965 500 3021 dum
528 2964 648 3038 post
677 2983 882 3039 paucos
932 2964 1048 3018 dies
1081 2963 1289 3027 ‚eodem
1318 2979 1640 3020 venturum.
1708 2965 1795 3021 Sic
1820 2965 1912 3019 in-

357 3058 542 3119 coepto
571 3044 669 3100 suo
699 3042 1005 3107 decultato,
1038 3046 1223 3121 pergit
1249 3044 1320 3099 ad
1350 3044 1560 3100 flumen
1597 3044 1837 3101 Tanam.

443 3200 684 3261 XCVI.
721 3203 994 3260 Ceterum
1016 3203 1082 3259 in
1103 3202 1302 3260 itinere
1328 3201 1585 3279 quotidie
1612 3222 1779 3277 pecus
1810 3223 1909 3258 ex-

357 3282 554 3340 ercitui
580 3303 683 3360 per
711 3282 1010 3352 centurias,
1052 3283 1191 3339 item
1236 3288 1444 3345 turmas
1489 3282 1772 3358 aequaliter
1795 3282 1908 3335 dis-

569 3368 573 3371 *
1109 3364 1160 3420 L
1185 3380 1217 3424 2
1607 3360 1906 3430 tribuerat3
