2387 4040
460 397 598 472 152·
795 373 890 447 L.‘
935 373 1311 449 ANNAE
1339 381 1378 447 1
1447 377 1584 449 ΡΙ,
1613 376 1830 448 01³1

924 587 974 646 c
1059 588 1121 646 A
1204 588 1276 643 P.
1324 581 1331 585 ·
1452 533 1569 645 vi.
1720 539 1725 544 ’

986 748 1071 804 De
1097 749 1273 804 ser—050
1304 743 1494 804 Tamo.
1584 757 1599 776 ·

591 887 638 943 E
660 886 716 942 R
737 882 797 941 v
826 883 853 938 1
875 883 933 940 U
956 882 991 939 s
1055 880 1285 937 Tunius
1333 839 1621 955 deincep?
1651 855 2032 954 gubernacula

595 965 771 1025 Urbis
800 962 1051 1027 invadit3
1081 980 1184 1016 nec
1209 959 1508 1018 obscuritas
1532 960 1802 1025 inhibuit,
1831 981 2028 1035 quam-

456 1050 537 1108 vis
566 1061 743 1104 matre
770 1045 919 1101 serva
944 1041 1210 1099 creatum.
1295 1041 1446 1096 Nam
1473 1040 1741 1112 eximiam
1768 1041 2027 1097 indolem

456 1148 610 1186 uxor
633 1123 938 1198 Tarquinii
983 1119 1269 1193 Tanaquil
1308 1119 1614 1175 liberaliter
1660 1119 2022 1177 educaverat:

411 1239 420 1244 -
459 1224 517 1265 et
533 1209 750 1264 clarum
769 1203 914 1267 fore,
931 1201 1045 1258 visa
1063 1200 1207 1255 circa
1229 1215 1397 1273 caput
1425 1200 1647 1255 flamma
1667 1200 2025 1274 promiserat.

459 1290 614 1364 Ergo
649 1283 799 1341 inter
820 1279 1125 1357 Tarquinii
1171 1294 1437 1346 mortem,
1469 1280 1759 1336 annitente
1804 1279 2025 1357 regina,

461 1367 785 1426 substitutus
816 1363 878 1418 in
909 1363 1098 1418 locum
1125 1361 1271 1435 regis
1308 1359 1456 1434 quali
1489 1359 1550 1413 in
1598 1374 1845 1433 tempus,
1902 1377 2029 1436 reg-

462 1468 606 1505 num
628 1446 765 1515 dolo
781 1457 1017 1519 ‚partum
1045 1440 1116 1498 fic
1140 1442 1255 1516 egit
1282 1438 1578 1504 industrie,
1608 1455 1671 1495 ut
1693 1440 1823 1515 jure
1849 1440 2027 1515 adep-

462 1546 549 1586 tus
568 1526 876 1586 videretur.
948 1521 1045 1578 Ab
1076 1520 1185 1575 hoc
1214 1520 1471 1593 Populus
1502 1521 1797 1575 Romanus
1824 1521 2032 1576 relatus

462 1611 529 1666 in
561 1605 833 1668 censum,
866 1601 1105 1677 digestus
1153 1603 1215 1657 in
1264 1598 1495 1664 Claffw,
1546 1599 1835 1655 Centuriis
1862 1615 2031 1675 atque

464 1686 740 1763 collegiis
772 1682 1134 1751 distributus:
1171 1681 1494 1756 summaque
1530 1679 1675 1755 regis
1705 1678 1927 1734 solertia
1953 1680 2034 1735 ita

463 1768 536 1823 est
579 1765 839 1821 ordinata
883 1761 1248 1837 Respublica,
1318 1774 1383 1816 ut
1418 1760 1621 1828 =omnia
1665 1759 2027 1835 patrimonii,

459 1845 777 1923 dignitatis,
812 1840 1003 1908 astatis,
1032 1837 1273 1907 artium(
1295 1839 1722 1914 officiorumque
1747 1838 2030 1896 discrimi-

462 1948 535 1983 na
564 1928 624 1982 in
653 1924 867 1984 tabulas
908 1921 1271 1988 referrentur,
1323 1941 1384 1976 ac
1434 1920 1502 1979 fic
1532 1919 1780 1976 maxima
1807 1919 2023 1986 civitae,
2088 1943 2097 1948 ·

459 2008 712 2067 mmimae
740 2005 944 2063 domus
970 2003 1269 2081 diligentia
1295 2001 1702 2058 contineretur.

901 2193 952 2251 C
1037 2192 1098 2249 A
1178 2191 1250 2247 P.
1425 2190 1576 2246 VII.

901 2354 986 2409 De
1017 2352 1295 2428 Tarquinio
1328 2351 1563 2425 Superbo.
1946 2424 1953 2430 ·

452 2466 490 2521 ·’
594 2488 651 2545 O
673 2489 712 2546 S
729 2487 786 2544 T
806 2487 864 2544 R
883 2485 932 2543 E
952 2485 1018 2540 M
1039 2484 1094 2540 U
1117 2483 1153 2540 S
1168 2484 1427 2540 omnium
1443 2481 1551 2540 fuit
1568 2503 1762 2561 regum
1775 2482 2028 2559 Tarqui-

612 2569 763 2634 nius,
798 2567 891 2625 cui
931 2583 1263 2643 cognomen
1286 2563 1500 2636 Superbo
1543 2582 1613 2618 ex
1640 2565 1895 2623 moribus
1924 2565 2026 2621 da-

460 2666 604 2709 tum.
676 2650 788 2706 Hic
809 2668 1050 2725 regnum
1076 2645 1310 2710 avitum,
1333 2642 1491 2717 quod
1519 2665 1550 2700 a
1576 2643 1765 2700 Servio
1793 2648 2027 2703 teneba-

462 2745 575 2800 tur,
607 2750 801 2806 rapere
829 2728 1052 2793 maluit,
1080 2745 1263 2801 quam,
1282 2723 1570 2799 expeaestare
1588 2743 1621 2776 ε-
1665 2723 2026 2799 immiffisque

454 2810 519 2866 in
547 2830 674 2867 eum
717 2807 1149 2883 percussoribus»,
1196 2804 1394 2862 scelere
1437 2821 1655 2879 partam
1697 2804 2026 2879 potestatem

461 2908 587 2953 non
613 2891 814 2945 melius
851 2887 985 2964 egit,
1033 2902 1204 2961 quam
1234 2884 1573 2959 acquisierat.
1662 2880 1780 2940 Nec
1810 2883 2022 2940 abhor-

459 2969 618 3024 rebat
644 2967 894 3024 moribus
920 2986 1067 3024 uxor
1104 2965 1321 3031 Tullia,
1354 2984 1498 3039 quae,
1528 2980 1593 3021 ut
1621 2965 1802 3021 virum
1835 2984 2024 3042 regern

458 3047 737 3113 salutaret,
768 3046 934 3122 supra
957 3060 1252 3102 cruentum
1282 3060 1521 3119 patrem,
1547 3044 1697 3102 vecla
1722 3060 2017 3120 carpente,

456 3127 834 3184 consternatos
861 3145 1033 3202 equos
1063 3126 1200 3202 egit.
1259 3124 1367 3182 Sed
1397 3124 1513 3201 ipse
1542 3126 1602 3181 in
1629 3124 1896 3181 Senatum
1916 3145 2021 3183 cae-

458 3207 652 3275 dibus,
683 3208 747 3264 in
774 3227 972 3263 omnes
992 3206 1276 3283 superbia,
1299 3225 1421 3278 quae
1444 3205 1772 3262 crudelitate
1797 3207 2024 3281 gravior

458 3288 534 3348 est
562 3288 749 3359 bonis,
780 3284 1063 3367 graffatu8‚
1097 3306 1278 3363 quum
1309 3285 1572 3343 saevitiam
1601 3285 1761 3343 domi
1792 3284 2017 3361 fatigas-

525 3384 532 3388 ’
1911 3365 2014 3435 set,
