2387 4040
466 369 601 446 1¹28
711 365 784 438 C.
844 361 1251 437 CRISPI
1290 362 1924 438 SALLUSTII

469 496 731 557 omnium
772 493 962 570 praeda
986 492 1219 562 morari.
1304 493 1395 551 Si'c
1416 493 1559 552 forte
1590 494 1834 552 cori-etsta
1856 496 2031 554 Marii

471 576 771 641 temeritas,
804 573 1042 652 gloriam
1068 592 1137 628 ex
1163 574 1331 650 culpa
1358 575 1601 632 invenit.

558 734 639 794 C.
689 729 984 801 Ceterum,
1036 732 1176 790 dum
1225 754 1287 788 ea
1338 752 1423 789 res
1474 733 1705 809 geritur,
1757 735 1829 791 L.
1871 734 2029 792 Sulla

467 817 707 895 quaestor
731 833 861 873 cum
888 833 1097 891 magno
1119 813 1371 887 equitatu
1397 815 1459 868 in
1485 814 1652 870 castra
1679 816 1866 871 venit:
1900 815 2023 889 qui,

469 899 556 959 uti
575 918 647 955 ex
676 896 863 962 Latio,
891 909 947 951 et
974 916 1006 951 a
1033 893 1188 949 sociis
1216 893 1526 949 exereitum
1553 910 1796 970 cogeret,
1825 898 2026 952 Romae

470 977 694 1037 relictus
739 990 879 1032 erat.
951 973 1059 1030 Sed
1102 973 1373 1047 quoniam
1424 971 1541 1027 nos'
1586 975 1725 1030 tanti
1780 976 1885 1032 viri
1937 993 2024 1031 res

466 1056 806 1121 admonuit3
855 1053 1132 1110 idoneum
1168 1052 1347 1108 visum
1396 1052 1492 1118 est,
1544 1053 1615 1109 de
1652 1068 1870 1121 natura,
1903 1053 2025 1111 cu‘l-

467 1151 641 1213 tuque
669 1138 787 1212 ejus
811 1134 1006 1210 paucis
1033 1131 1239 1188 dicere.
1273 1133 1472 1205 Neque
1488 1133 1638 1189 enim
1660 1134 1772 1189 alio
1800 1134 1927 1191 loco
1953 1132 2027 1189 de

464 1216 632 1275 Sullae
660 1216 825 1271 rebus
872 1211 1077 1268 dicluri
1121 1212 1346 1267 sumus:
1394 1225 1449 1294 et
1489 1212 1560 1267 L.
1592 1212 1825 1269 Sisenna
1851 1228 2023 1288 optu-

465 1289 582 1362 me,
613 1310 668 1351 et
686 1291 1122 1372 diligentissume
1149 1291 1433 1357 omnium,
1456 1292 1553 1365 qui
1577 1311 1663 1347 eas
1694 1310 1778 1349 res
1801 1293 2022 1359 dixere,

464 1375 807 1454 persecutuS,
858 1392 1059 1450 parum
1085 1369 1231 1426 mihi
1262 1370 1440 1426 libero
1475 1390 1572 1427 ore
1615 1373 1835 1431 locutus
1860 1372 2023 1429 vide—

463 1470 581 1515 tur.
628 1456 814 1533 Igitur
839 1454 994 1512 Sulla
1034 1452 1214 1528 gentis
1242 1450 1485 1527 patrieiae
1533 1451 1744 1507 nobilis
1773 1451 1902 1519 fuit,
1936 1451 2023 1508 fa-

461 1538 627 1594 milia
653 1553 836 1612 prope
852 1535 974 1610 jam
1004 1530 1266 1590 exstincta
1288 1532 1565 1606 majorum
1590 1531 1835 1607 ignavia,
1868 1532 2022 1588 litte-

462 1616 540 1675 ris
568 1616 799 1681 GraeeiS‚
853 1627 1016 1687 atque
1049 1611 1263 1672 Latinis
1283 1612 1470 1687 juxta,
1503 1625 1668 1685 atque
1694 1610 2020 1669 doffifl'ume

459 1695 740 1760 erudituS,
768 1693 959 1749 animo
987 1691 1230 1766 ingenti,
1249 1690 1487 1766 cupidus
1512 1691 1895 1765 voluptatum,
1925 1691 2021 1748 sed

463 1774 657 1851 gloriae
686 1771 984 1848 cupidior:
1034 1770 1154 1826 otio
1212 1769 1502 1826 luxurioso
1532 1767 1670 1835 effe3
1721 1785 1907 1826 tamen
1947 1772 2018 1828 ab

458 1853 704 1930 negotiis
751 1869 1065 1926 numquam
1111 1850 1374 1925 voluptas
1399 1864 1696 1916 remorata,
1730 1849 1831 1905 nifi
1860 1850 2018 1926 quod

459 1933 532 1990 de
558 1952 738 1990 uxore
766 1933 955 2009 potuit
982 1929 1268 1986 honestius
1296 1929 1543 1986 consuli:
1578 1927 1876 2007 facundus,
1901 1931 2017 1986 cal-

419 2034 430 2044 ·
460 2014 635 2081 lidus,
681 2029 737 2070 et
763 2011 1011 2071 amicitia
1056 2008 1269 2067 facilis:
1316 2009 1387 2066 ad
1436 2007 1744 2067 simulanda
1789 2009 2020 2087 negotia

455 2092 701 2152 altitudo
720 2092 936 2171 ingenii
961 2090 1341 2148 incredibilis:
1382 2092 1688 2146 multarum
1709 2110 1921 2157 rerum,
1954 2111 2017 2147 ac

455 2192 721 2232 maxume
732 2172 980 2249 pecunia:
994 2171 1248 2246 largitor:
1278 2186 1464 2244 atque,
1486 2167 1810 2227 feliciffumo
1822 2171 2013 2226 omni-

454 2273 556 2311 um
581 2267 711 2309 ante
727 2253 957 2311 civilem
974 2251 1289 2316 vietoriam,
1315 2270 1624 2324 numquam
1636 2248 1802 2324 super
1818 2249 2015 2306 indus·

459 2334 624 2389 triam
654 2332 880 2389 fortuna
909 2332 1053 2389 fuit:
1098 2331 1376 2403 multique
1405 2330 1750 2395 dubitavere,
1781 2328 2007 2395 fortior,

454 2431 530 2469 an
573 2410 794 2466 felicior
820 2410 970 2467 effet.
1019 2410 1191 2476 Nam,
1222 2410 1410 2483 postea
1435 2428 1556 2484 quae
1583 2407 1799 2477 feeerit,
1826 2409 2015 2468 incer·

456 2505 584 2548 tum
612 2487 815 2557 habeo,
847 2488 1059 2566 pudeat
1083 2508 1156 2545 an
1183 2491 1374 2565 pigeat
1396 2488 1677 2547 differere.

463 2677 470 2683 ·
543 2649 656 2710 CI.
688 2649 874 2729 Igitur
916 2648 1094 2718 Sulla,
1127 2649 1212 2707 uti
1255 2649 1421 2725 supra
1470 2647 1681 2706 dietum
1707 2648 1804 2716 est,
1857 2650 2013 2725 post-

450 2751 623 2809 quam
650 2733 713 2789 in
739 2731 1018 2797 Africam,
1051 2746 1216 2806 atque
1240 2730 1299 2785 in
1324 2729 1491 2785 castra
1511 2730 1680 2786 Marii
1695 2750 1823 2786 cum
1854 2734 2012 2805 equi·

452 2826 573 2868 tatu
597 2812 776 2877 venit,
810 2810 970 2866 rudis
998 2826 1180 2876 antea,
1215 2826 1269 2865 et
1298 2813 1524 2886 ignarus
1550 2809 1710 2876 belli,
1745 2810 2010 2868 sollertis-

419 2889 641 2946 -fumus
670 2890 1014 2945 omniumin
1045 2890 1237 2963 paucis
1267 2888 1678 2967 tempestatibus
1708 2888 1879 2946 faetus
1907 2892 2006 2949 est.

449 2968 554 3026 Ad
586 2967 695 3024 hoc
727 2968 933 3023 milites
962 2968 1206 3047 benigne
1234 2968 1548 3044 adpellare:
1580 2970 1772 3026 multis
1801 2989 2010 3048 rogau-

447 3049 621 3112 tibus,
655 3047 774 3108 aliis
797 3067 901 3123 per
926 3048 976 3104 se
1004 3048 1122 3123 ipse
1152 3048 1283 3104 dare
1301 3051 1589 3116 beneficia,
1621 3051 1833 3108 invitus
1860 3053 2007 3110 acci-

445 3146 619 3206 pere3
668 3125 761 3182 sed
829 3146 894 3183 ea
931 3129 1350 3204 properantius»,
1400 3150 1569 3205 quam
1618 3150 1687 3187 aes
1717 3145 2003 3201 mutuum,

448 3206 707 3274 reddere3
741 3206 858 3283 ipse
872 3210 941 3264 ab
958 3211 1118 3264 nullo
1133 3223 1417 3283 repetere:
1445 3211 1622 3287 magis
1647 3209 1708 3265 id
1723 3211 2002 3280 laborare,

444 3303 513 3348 ut
550 3287 642 3350 illi
685 3306 857 3369 quam
902 3288 1149 3368 plurimi
1176 3290 1477 3369 deberent:
1513 3292 1647 3371 joca
1674 3305 1840 3371 atque
1872 3291 2009 3350 seria
2060 3324 2075 3336 -

683 3402 688 3411 ·
1872 3391 2006 3431 cum
