<?xml version="1.0" encoding="UTF-8"?>
<!DOCTYPE html PUBLIC "-//W3C//DTD XHTML 1.0 Transitional//EN"
    "http://www.w3.org/TR/xhtml1/DTD/xhtml1-transitional.dtd">
<html xmlns="http://www.w3.org/1999/xhtml" xml:lang="en" lang="en">
 <head>
  <title>
</title>
<meta http-equiv="Content-Type" content="text/html;charset=utf-8" />
  <meta name='ocr-system' content='tesseract 3.04.00' />
  <meta name='ocr-capabilities' content='ocr_page ocr_carea ocr_par ocr_line ocrx_word'/>
</head>
<body>
  <div class='ocr_page' id='page_1' title='image "./ccrispussallust00florgoog_0013.png"; bbox 0 0 2387 4040; ppageno 0'>
   <div class='ocr_carea' id='block_1_1' title="bbox 435 339 1939 428">
    <p class='ocr_par' dir='ltr' id='par_1_1' title="bbox 435 339 1939 428">
     <span class='ocr_line' id='line_1_1' title="bbox 435 339 1939 428; baseline -0.005 -12"><span class='ocrx_word' id='word_1_1' title='bbox 435 344 902 416; x_wconf 86' lang='lat' dir='ltr'><em>BELLUM</em></span> <span class='ocrx_word' id='word_1_2' title='bbox 946 339 1789 414; x_wconf 83' lang='lat' dir='ltr'><em>CATILINARIUM.</em></span> <span class='ocrx_word' id='word_1_3' title='bbox 1901 364 1939 428; x_wconf 77' lang='lat'>5</span> 
     </span>
    </p>
   </div>
   <div class='ocr_carea' id='block_1_2' title="bbox 355 470 2002 1796">
    <p class='ocr_par' dir='ltr' id='par_1_2' title="bbox 355 470 2002 1796">
     <span class='ocr_line' id='line_1_2' title="bbox 355 470 1935 551; baseline -0.007 -16"><span class='ocrx_word' id='word_1_4' title='bbox 355 477 457 535; x_wconf 84' lang='lat' dir='ltr'>At</span> <span class='ocrx_word' id='word_1_5' title='bbox 509 478 777 541; x_wconf 80' lang='lat' dir='ltr'>Romani,</span> <span class='ocrx_word' id='word_1_6' title='bbox 810 476 971 533; x_wconf 89' lang='lat' dir='ltr'>domi</span> <span class='ocrx_word' id='word_1_7' title='bbox 1011 477 1336 551; x_wconf 83' lang='lat' dir='ltr'>militiaeque</span> <span class='ocrx_word' id='word_1_8' title='bbox 1382 475 1607 537; x_wconf 86' lang='lat' dir='ltr'>intenti,</span> <span class='ocrx_word' id='word_1_9' title='bbox 1659 470 1935 535; x_wconf 86' lang='lat' dir='ltr'>festinare,</span> 
     </span>
     <span class='ocr_line' id='line_1_3' title="bbox 360 551 1928 632; baseline -0.003 -21"><span class='ocrx_word' id='word_1_10' title='bbox 360 576 592 632; x_wconf 78' lang='lat' dir='ltr'>parare,</span> <span class='ocrx_word' id='word_1_11' title='bbox 624 557 767 611; x_wconf 84' lang='lat' dir='ltr'>alius</span> <span class='ocrx_word' id='word_1_12' title='bbox 789 557 966 612; x_wconf 88' lang='lat' dir='ltr'>alium</span> <span class='ocrx_word' id='word_1_13' title='bbox 994 554 1243 621; x_wconf 79' lang='lat' dir='ltr'>hortari3</span> <span class='ocrx_word' id='word_1_14' title='bbox 1294 553 1543 610; x_wconf 82' lang='lat' dir='ltr'>hostibus</span> <span class='ocrx_word' id='word_1_15' title='bbox 1569 554 1791 608; x_wconf 87' lang='lat' dir='ltr'>obviam</span> <span class='ocrx_word' id='word_1_16' title='bbox 1812 551 1928 613; x_wconf 61' lang='lat' dir='ltr'>iret</span> 
     </span>
     <span class='ocr_line' id='line_1_4' title="bbox 363 632 1930 712; baseline -0.005 -21"><span class='ocrx_word' id='word_1_17' title='bbox 363 637 711 700; x_wconf 82' lang='lat' dir='ltr'>libertatem,</span> <span class='ocrx_word' id='word_1_18' title='bbox 772 636 1033 712; x_wconf 84' lang='lat' dir='ltr'>patriam,</span> <span class='ocrx_word' id='word_1_19' title='bbox 1090 633 1454 711; x_wconf 76' lang='lat' dir='ltr'>parentesque</span> <span class='ocrx_word' id='word_1_20' title='bbox 1505 632 1672 687; x_wconf 81' lang='lat' dir='ltr'>armis</span> <span class='ocrx_word' id='word_1_21' title='bbox 1726 644 1930 706; x_wconf 85' lang='lat' dir='ltr'>tegere.</span> 
     </span>
     <span class='ocr_line' id='line_1_5' title="bbox 368 710 1964 788; baseline -0.005 -18"><span class='ocrx_word' id='word_1_22' title='bbox 368 714 528 779; x_wconf 76' lang='lat' dir='ltr'>Post,</span> <span class='ocrx_word' id='word_1_23' title='bbox 554 715 658 770; x_wconf 72' lang='lat' dir='ltr'>nbi</span> <span class='ocrx_word' id='word_1_24' title='bbox 688 715 941 788; x_wconf 79' lang='lat' dir='ltr'>pericula</span> <span class='ocrx_word' id='word_1_25' title='bbox 965 717 1175 770; x_wconf 88' lang='lat' dir='ltr'>virtute</span> <span class='ocrx_word' id='word_1_26' title='bbox 1203 713 1596 788; x_wconf 71' lang='lat' dir='ltr'>propulerant,</span> <span class='ocrx_word' id='word_1_27' title='bbox 1630 710 1812 773; x_wconf 75' lang='lat' dir='ltr'>sociiS,</span> <span class='ocrx_word' id='word_1_28' title='bbox 1845 722 1928 763; x_wconf 87' lang='lat' dir='ltr'>at·</span> <span class='ocrx_word' id='word_1_29' title='bbox 1949 714 1964 725; x_wconf 70' lang='lat'><strong>⁹</strong></span> 
     </span>
     <span class='ocr_line' id='line_1_6' title="bbox 368 787 1928 869; baseline -0.004 -20"><span class='ocrx_word' id='word_1_30' title='bbox 368 813 487 868; x_wconf 82' lang='lat' dir='ltr'>qne</span> <span class='ocrx_word' id='word_1_31' title='bbox 515 795 707 849; x_wconf 83' lang='lat' dir='ltr'>amicis</span> <span class='ocrx_word' id='word_1_32' title='bbox 752 794 968 849; x_wconf 75' lang='lat' dir='ltr'>auxilia</span> <span class='ocrx_word' id='word_1_33' title='bbox 1006 795 1343 869; x_wconf 84' lang='lat' dir='ltr'>portabant:</span> <span class='ocrx_word' id='word_1_34' title='bbox 1393 790 1674 867; x_wconf 83' lang='lat' dir='ltr'>magisque</span> <span class='ocrx_word' id='word_1_35' title='bbox 1701 787 1928 851; x_wconf 81' lang='lat' dir='ltr'>dandis.</span> 
     </span>
     <span class='ocr_line' id='line_1_7' title="bbox 368 869 1924 946; baseline -0.005 -18"><span class='ocrx_word' id='word_1_36' title='bbox 368 892 545 945; x_wconf 88' lang='lat' dir='ltr'>quam</span> <span class='ocrx_word' id='word_1_37' title='bbox 572 873 927 946; x_wconf 84' lang='lat' dir='ltr'>accipiundis</span> <span class='ocrx_word' id='word_1_38' title='bbox 964 872 1266 929; x_wconf 58' lang='lat' dir='ltr'>‘beneficiis</span> <span class='ocrx_word' id='word_1_39' title='bbox 1314 870 1582 926; x_wconf 82' lang='lat' dir='ltr'>amicitias</span> <span class='ocrx_word' id='word_1_40' title='bbox 1625 869 1924 944; x_wconf 83' lang='lat' dir='ltr'>parabant:</span> 
     </span>
     <span class='ocr_line' id='line_1_8' title="bbox 369 943 1930 1027; baseline -0.004 -22"><span class='ocrx_word' id='word_1_41' title='bbox 369 952 684 1025; x_wconf 86' lang='lat' dir='ltr'>imperium</span> <span class='ocrx_word' id='word_1_42' title='bbox 713 951 1052 1027; x_wconf 86' lang='lat' dir='ltr'>legitimum,</span> <span class='ocrx_word' id='word_1_43' title='bbox 1084 971 1297 1006; x_wconf 87' lang='lat' dir='ltr'>nomen</span> <span class='ocrx_word' id='word_1_44' title='bbox 1324 949 1564 1024; x_wconf 85' lang='lat' dir='ltr'>imperii·</span> <span class='ocrx_word' id='word_1_45' title='bbox 1579 948 1797 1024; x_wconf 86' lang='lat' dir='ltr'>regium</span> <span class='ocrx_word' id='word_1_46' title='bbox 1828 943 1930 1000; x_wconf 85' lang='lat' dir='ltr'>ha·</span> 
     </span>
     <span class='ocr_line' id='line_1_9' title="bbox 370 1024 1925 1104; baseline -0.004 -19"><span class='ocrx_word' id='word_1_47' title='bbox 370 1027 616 1085; x_wconf 83' lang='lat' dir='ltr'>bebant:</span> <span class='ocrx_word' id='word_1_48' title='bbox 664 1029 905 1095; x_wconf 60' lang='lat' dir='ltr'>delecti,</span> <span class='ocrx_word' id='word_1_49' title='bbox 933 1024 1138 1104; x_wconf 77' lang='lat' dir='ltr'>quibus</span> <span class='ocrx_word' id='word_1_50' title='bbox 1190 1048 1400 1104; x_wconf 83' lang='lat' dir='ltr'>corpus</span> <span class='ocrx_word' id='word_1_51' title='bbox 1424 1028 1584 1083; x_wconf 71' lang='lat' dir='ltr'>annis</span> <span class='ocrx_word' id='word_1_52' title='bbox 1609 1026 1925 1086; x_wconf 81' lang='lat' dir='ltr'>infirmum,</span> 
     </span>
     <span class='ocr_line' id='line_1_10' title="bbox 368 1106 1926 1184; baseline -0.003 -20"><span class='ocrx_word' id='word_1_53' title='bbox 368 1107 675 1184; x_wconf 81' lang='lat' dir='ltr'>ingenium</span> <span class='ocrx_word' id='word_1_54' title='bbox 698 1108 971 1182; x_wconf 71' lang='lat' dir='ltr'>sapientia</span> <span class='ocrx_word' id='word_1_55' title='bbox 991 1108 1243 1164; x_wconf 84' lang='lat' dir='ltr'>validum</span> <span class='ocrx_word' id='word_1_56' title='bbox 1256 1121 1391 1170; x_wconf 81' lang='lat' dir='ltr'>erat,</span> <span class='ocrx_word' id='word_1_57' title='bbox 1415 1106 1763 1181; x_wconf 75' lang='lat' dir='ltr'>Reipublicae</span> <span class='ocrx_word' id='word_1_58' title='bbox 1789 1122 1926 1159; x_wconf 80' lang='lat' dir='ltr'>eon·</span> 
     </span>
     <span class='ocr_line' id='line_1_11' title="bbox 369 1183 1926 1253; baseline -0.002 -13"><span class='ocrx_word' id='word_1_59' title='bbox 369 1187 675 1245; x_wconf 82' lang='lat' dir='ltr'>sul-tabant.</span> <span class='ocrx_word' id='word_1_60' title='bbox 763 1189 846 1244; x_wconf 86' lang='lat' dir='ltr'>Hi</span> <span class='ocrx_word' id='word_1_61' title='bbox 896 1189 986 1244; x_wconf 83' lang='lat' dir='ltr'>vel</span> <span class='ocrx_word' id='word_1_62' title='bbox 1037 1201 1215 1253; x_wconf 64' lang='lat' dir='ltr'>aetate,</span> <span class='ocrx_word' id='word_1_63' title='bbox 1262 1188 1350 1242; x_wconf 85' lang='lat' dir='ltr'>vel</span> <span class='ocrx_word' id='word_1_64' title='bbox 1371 1206 1511 1243; x_wconf 82' lang='lat' dir='ltr'>curae</span> <span class='ocrx_word' id='word_1_65' title='bbox 1539 1183 1926 1247; x_wconf 69' lang='lat' dir='ltr'>similitudine,</span> 
     </span>
     <span class='ocr_line' id='line_1_12' title="bbox 372 1263 1927 1340; baseline -0.003 -21"><span class='ocrx_word' id='word_1_66' title='bbox 372 1265 566 1321; x_wconf 85' lang='lat' dir='ltr'>Patres</span> <span class='ocrx_word' id='word_1_67' title='bbox 593 1266 1044 1340; x_wconf 73' lang='lat' dir='ltr'>adpellabantur.</span> <span class='ocrx_word' id='word_1_68' title='bbox 1091 1266 1218 1322; x_wconf 86' lang='lat' dir='ltr'>Post</span> <span class='ocrx_word' id='word_1_69' title='bbox 1231 1268 1330 1322; x_wconf 86' lang='lat' dir='ltr'>ubi</span> <span class='ocrx_word' id='word_1_70' title='bbox 1356 1267 1572 1340; x_wconf 84' lang='lat' dir='ltr'>regium</span> <span class='ocrx_word' id='word_1_71' title='bbox 1599 1263 1927 1338; x_wconf 81' lang='lat' dir='ltr'>imperium,</span> 
     </span>
     <span class='ocr_line' id='line_1_13' title="bbox 372 1341 1927 1418; baseline -0.001 -20"><span class='ocrx_word' id='word_1_72' title='bbox 372 1345 533 1416; x_wconf 87' lang='lat' dir='ltr'>quod</span> <span class='ocrx_word' id='word_1_73' title='bbox 562 1346 733 1401; x_wconf 77' lang='lat' dir='ltr'>initio</span> <span class='ocrx_word' id='word_1_74' title='bbox 753 1345 1138 1402; x_wconf 72' lang='lat' dir='ltr'>conservandae</span> <span class='ocrx_word' id='word_1_75' title='bbox 1161 1345 1454 1410; x_wconf 79' lang='lat' dir='ltr'>libertatis,</span> <span class='ocrx_word' id='word_1_76' title='bbox 1475 1358 1639 1418; x_wconf 85' lang='lat' dir='ltr'>atque</span> <span class='ocrx_word' id='word_1_77' title='bbox 1660 1341 1927 1417; x_wconf 74' lang='lat' dir='ltr'>augendae</span> 
     </span>
     <span class='ocr_line' id='line_1_14' title="bbox 376 1422 1931 1499; baseline -0.001 -22"><span class='ocrx_word' id='word_1_78' title='bbox 376 1424 733 1499; x_wconf 57' lang='lat' dir='ltr'>Reipublicae</span> <span class='ocrx_word' id='word_1_79' title='bbox 760 1423 960 1489; x_wconf 83' lang='lat' dir='ltr'>fuerat,</span> <span class='ocrx_word' id='word_1_80' title='bbox 992 1426 1056 1480; x_wconf 87' lang='lat' dir='ltr'>in</span> <span class='ocrx_word' id='word_1_81' title='bbox 1079 1424 1421 1499; x_wconf 79' lang='lat' dir='ltr'>superbiam,</span> <span class='ocrx_word' id='word_1_82' title='bbox 1452 1422 1931 1478; x_wconf 85' lang='lat' dir='ltr'>dominationem·</span> 
     </span>
     <span class='ocr_line' id='line_1_15' title="bbox 375 1501 2002 1575; baseline -0.001 -18"><span class='ocrx_word' id='word_1_83' title='bbox 375 1522 486 1575; x_wconf 88' lang='lat' dir='ltr'>que</span> <span class='ocrx_word' id='word_1_84' title='bbox 515 1504 823 1566; x_wconf 81' lang='lat' dir='ltr'>convertit3</span> <span class='ocrx_word' id='word_1_85' title='bbox 872 1505 1153 1559; x_wconf 76' lang='lat' dir='ltr'>inmutato</span> <span class='ocrx_word' id='word_1_86' title='bbox 1199 1521 1380 1567; x_wconf 70' lang='lat' dir='ltr'>more,</span> <span class='ocrx_word' id='word_1_87' title='bbox 1429 1520 1618 1557; x_wconf 80' lang='lat' dir='ltr'>annua</span> <span class='ocrx_word' id='word_1_88' title='bbox 1669 1501 1930 1573; x_wconf 82' lang='lat' dir='ltr'>imperia.</span> <span class='ocrx_word' id='word_1_89' title='bbox 1997 1552 2002 1556; x_wconf 91' lang='lat'><strong><em>.</em></strong></span> 
     </span>
     <span class='ocr_line' id='line_1_16' title="bbox 377 1578 1931 1656; baseline -0.002 -22"><span class='ocrx_word' id='word_1_90' title='bbox 377 1581 652 1654; x_wconf 86' lang='lat' dir='ltr'>binosque</span> <span class='ocrx_word' id='word_1_91' title='bbox 680 1584 1052 1656; x_wconf 77' lang='lat' dir='ltr'>Imperatores</span> <span class='ocrx_word' id='word_1_92' title='bbox 1079 1582 1175 1637; x_wconf 83' lang='lat' dir='ltr'>fibi</span> <span class='ocrx_word' id='word_1_93' title='bbox 1215 1581 1415 1637; x_wconf 80' lang='lat' dir='ltr'>fecere.</span> <span class='ocrx_word' id='word_1_94' title='bbox 1506 1583 1592 1635; x_wconf 90' lang='lat' dir='ltr'>Eo</span> <span class='ocrx_word' id='word_1_95' title='bbox 1618 1578 1796 1634; x_wconf 88' lang='lat' dir='ltr'>modo</span> <span class='ocrx_word' id='word_1_96' title='bbox 1822 1578 1931 1632; x_wconf 88' lang='lat' dir='ltr'>mi—</span> 
     </span>
     <span class='ocr_line' id='line_1_17' title="bbox 379 1657 1931 1735; baseline -0.002 -21"><span class='ocrx_word' id='word_1_97' title='bbox 379 1661 533 1715; x_wconf 87' lang='lat' dir='ltr'>nime</span> <span class='ocrx_word' id='word_1_98' title='bbox 562 1660 714 1734; x_wconf 77' lang='lat' dir='ltr'>poffe</span> <span class='ocrx_word' id='word_1_99' title='bbox 736 1662 1011 1735; x_wconf 82' lang='lat' dir='ltr'>putabant</span> <span class='ocrx_word' id='word_1_100' title='bbox 1025 1680 1127 1735; x_wconf 86' lang='lat' dir='ltr'>per</span> <span class='ocrx_word' id='word_1_101' title='bbox 1153 1661 1438 1717; x_wconf 73' lang='lat' dir='ltr'>licentiam</span> <span class='ocrx_word' id='word_1_102' title='bbox 1460 1659 1782 1716; x_wconf 74' lang='lat' dir='ltr'>insolescere</span> <span class='ocrx_word' id='word_1_103' title='bbox 1805 1657 1931 1712; x_wconf 78' lang='lat' dir='ltr'>ani·-</span> 
     </span>
     <span class='ocr_line' id='line_1_18' title="bbox 377 1739 1252 1796; baseline 0 -2"><span class='ocrx_word' id='word_1_104' title='bbox 377 1760 537 1796; x_wconf 87' lang='lat' dir='ltr'>mum</span> <span class='ocrx_word' id='word_1_105' title='bbox 566 1739 904 1795; x_wconf 79' lang='lat' dir='ltr'>humanum.</span> <span class='ocrx_word' id='word_1_106' title='bbox 1245 1740 1252 1746; x_wconf 79' lang='grc'><em>’</em></span> 
     </span>
    </p>
   </div>
   <div class='ocr_carea' id='block_1_3' title="bbox 374 1897 2014 3398">
    <p class='ocr_par' dir='ltr' id='par_1_3' title="bbox 374 1897 2014 3322">
     <span class='ocr_line' id='line_1_19' title="bbox 468 1897 1931 1972; baseline -0.001 -17"><span class='ocrx_word' id='word_1_107' title='bbox 468 1900 617 1955; x_wconf 84' lang='lat' dir='ltr'>Vn.</span> <span class='ocrx_word' id='word_1_108' title='bbox 650 1898 758 1954; x_wconf 91' lang='lat' dir='ltr'>Sed</span> <span class='ocrx_word' id='word_1_109' title='bbox 780 1916 843 1953; x_wconf 90' lang='lat' dir='ltr'>ea</span> <span class='ocrx_word' id='word_1_110' title='bbox 871 1897 1186 1972; x_wconf 83' lang='lat' dir='ltr'>tempestate</span> <span class='ocrx_word' id='word_1_111' title='bbox 1233 1917 1447 1972; x_wconf 83' lang='lat' dir='ltr'>coepere</span> <span class='ocrx_word' id='word_1_112' title='bbox 1476 1897 1526 1953; x_wconf 89' lang='lat' dir='ltr'>se</span> <span class='ocrx_word' id='word_1_113' title='bbox 1552 1897 1787 1972; x_wconf 86' lang='lat' dir='ltr'>quisque</span> <span class='ocrx_word' id='word_1_114' title='bbox 1813 1918 1931 1954; x_wconf 86' lang='lat' dir='ltr'>ma·</span> 
     </span>
     <span class='ocr_line' id='line_1_20' title="bbox 383 1976 1932 2057; baseline 0.001 -25"><span class='ocrx_word' id='word_1_115' title='bbox 383 1977 467 2052; x_wconf 84' lang='lat' dir='ltr'>gis</span> <span class='ocrx_word' id='word_1_116' title='bbox 493 1977 785 2043; x_wconf 80' lang='lat' dir='ltr'>extollere,</span> <span class='ocrx_word' id='word_1_117' title='bbox 815 1977 1100 2055; x_wconf 84' lang='lat' dir='ltr'>magisque</span> <span class='ocrx_word' id='word_1_118' title='bbox 1127 1980 1425 2057; x_wconf 83' lang='lat' dir='ltr'>ingenium</span> <span class='ocrx_word' id='word_1_119' title='bbox 1457 1978 1520 2034; x_wconf 89' lang='lat' dir='ltr'>in</span> <span class='ocrx_word' id='word_1_120' title='bbox 1557 1990 1788 2054; x_wconf 87' lang='lat' dir='ltr'>promtu</span> <span class='ocrx_word' id='word_1_121' title='bbox 1829 1976 1932 2033; x_wconf 88' lang='lat' dir='ltr'>ha-</span> 
     </span>
     <span class='ocr_line' id='line_1_21' title="bbox 382 2055 1933 2133; baseline -0.002 -18"><span class='ocrx_word' id='word_1_122' title='bbox 382 2063 534 2115; x_wconf 80' lang='lat' dir='ltr'>bere.</span> <span class='ocrx_word' id='word_1_123' title='bbox 578 2058 728 2113; x_wconf 89' lang='lat' dir='ltr'>Nam</span> <span class='ocrx_word' id='word_1_124' title='bbox 756 2059 977 2132; x_wconf 86' lang='lat' dir='ltr'>regibus</span> <span class='ocrx_word' id='word_1_125' title='bbox 1023 2060 1162 2115; x_wconf 89' lang='lat' dir='ltr'>boni</span> <span class='ocrx_word' id='word_1_126' title='bbox 1207 2078 1378 2133; x_wconf 85' lang='lat' dir='ltr'>quam</span> <span class='ocrx_word' id='word_1_127' title='bbox 1405 2058 1539 2113; x_wconf 86' lang='lat' dir='ltr'>mali</span> <span class='ocrx_word' id='word_1_128' title='bbox 1578 2055 1933 2131; x_wconf 72' lang='lat' dir='ltr'>suspeffiores</span> 
     </span>
     <span class='ocr_line' id='line_1_22' title="bbox 383 2134 1924 2211; baseline -0.001 -20"><span class='ocrx_word' id='word_1_129' title='bbox 383 2138 533 2203; x_wconf 84' lang='lat' dir='ltr'>sunt,</span> <span class='ocrx_word' id='word_1_130' title='bbox 566 2136 889 2211; x_wconf 81' lang='lat' dir='ltr'>semperque</span> <span class='ocrx_word' id='word_1_131' title='bbox 911 2134 998 2192; x_wconf 81' lang='lat' dir='ltr'>his</span> <span class='ocrx_word' id='word_1_132' title='bbox 1020 2139 1204 2193; x_wconf 74' lang='lat' dir='ltr'>aliena</span> <span class='ocrx_word' id='word_1_133' title='bbox 1229 2139 1405 2192; x_wconf 87' lang='lat' dir='ltr'>virtus</span> <span class='ocrx_word' id='word_1_134' title='bbox 1431 2134 1800 2193; x_wconf 79' lang='lat' dir='ltr'>formidolosa</span> <span class='ocrx_word' id='word_1_135' title='bbox 1824 2137 1924 2192; x_wconf 79' lang='lat' dir='ltr'>est.</span> 
     </span>
     <span class='ocr_line' id='line_1_23' title="bbox 374 2212 1933 2290; baseline -0.001 -19"><span class='ocrx_word' id='word_1_136' title='bbox 374 2215 490 2271; x_wconf 28' lang='lat' dir='ltr'>*Sed</span> <span class='ocrx_word' id='word_1_137' title='bbox 523 2216 737 2281; x_wconf 78' lang='lat' dir='ltr'>civitas,</span> <span class='ocrx_word' id='word_1_138' title='bbox 770 2213 1104 2272; x_wconf 82' lang='lat' dir='ltr'>incredibile</span> <span class='ocrx_word' id='word_1_139' title='bbox 1149 2229 1463 2271; x_wconf 89' lang='lat' dir='ltr'>memoratu</span> <span class='ocrx_word' id='word_1_140' title='bbox 1489 2215 1585 2277; x_wconf 88' lang='lat' dir='ltr'>est,</span> <span class='ocrx_word' id='word_1_141' title='bbox 1635 2212 1835 2290; x_wconf 85' lang='lat' dir='ltr'>adepta</span> <span class='ocrx_word' id='word_1_142' title='bbox 1863 2215 1933 2269; x_wconf 89' lang='lat' dir='ltr'>li·-</span> 
     </span>
     <span class='ocr_line' id='line_1_24' title="bbox 381 2292 1937 2369; baseline -0.002 -18"><span class='ocrx_word' id='word_1_143' title='bbox 381 2298 612 2358; x_wconf 86' lang='lat' dir='ltr'>bertate,</span> <span class='ocrx_word' id='word_1_144' title='bbox 664 2308 938 2369; x_wconf 85' lang='lat' dir='ltr'>quantum</span> <span class='ocrx_word' id='word_1_145' title='bbox 984 2295 1141 2351; x_wconf 88' lang='lat' dir='ltr'>brevi</span> <span class='ocrx_word' id='word_1_146' title='bbox 1193 2293 1456 2351; x_wconf 84' lang='lat' dir='ltr'>creverit:</span> <span class='ocrx_word' id='word_1_147' title='bbox 1518 2306 1669 2348; x_wconf 88' lang='lat' dir='ltr'>tanta</span> <span class='ocrx_word' id='word_1_148' title='bbox 1720 2292 1937 2369; x_wconf 88' lang='lat' dir='ltr'>cupido</span> 
     </span>
     <span class='ocr_line' id='line_1_25' title="bbox 385 2370 1935 2448; baseline 0 -19"><span class='ocrx_word' id='word_1_149' title='bbox 385 2373 577 2448; x_wconf 71' lang='lat' dir='ltr'>gloriae</span> <span class='ocrx_word' id='word_1_150' title='bbox 604 2370 910 2428; x_wconf 74' lang='lat' dir='ltr'>incesserat.</span> <span class='ocrx_word' id='word_1_151' title='bbox 958 2373 1091 2444; x_wconf 83' lang='lat' dir='ltr'>Jam</span> <span class='ocrx_word' id='word_1_152' title='bbox 1119 2374 1374 2448; x_wconf 87' lang='lat' dir='ltr'>primum</span> <span class='ocrx_word' id='word_1_153' title='bbox 1394 2372 1660 2446; x_wconf 82' lang='lat' dir='ltr'>juventus</span> <span class='ocrx_word' id='word_1_154' title='bbox 1687 2371 1844 2428; x_wconf 88' lang='lat' dir='ltr'>fimul</span> <span class='ocrx_word' id='word_1_155' title='bbox 1873 2393 1935 2429; x_wconf 87' lang='lat' dir='ltr'>ac</span> 
     </span>
     <span class='ocr_line' id='line_1_26' title="bbox 385 2452 1936 2528; baseline -0.001 -19"><span class='ocrx_word' id='word_1_156' title='bbox 385 2452 520 2509; x_wconf 84' lang='lat' dir='ltr'>belli</span> <span class='ocrx_word' id='word_1_157' title='bbox 547 2452 766 2528; x_wconf 82' lang='lat' dir='ltr'>patiens</span> <span class='ocrx_word' id='word_1_158' title='bbox 802 2465 941 2515; x_wconf 87' lang='lat' dir='ltr'>erat,</span> <span class='ocrx_word' id='word_1_159' title='bbox 984 2453 1045 2507; x_wconf 85' lang='lat' dir='ltr'>in</span> <span class='ocrx_word' id='word_1_160' title='bbox 1072 2453 1255 2507; x_wconf 84' lang='lat' dir='ltr'>castris</span> <span class='ocrx_word' id='word_1_161' title='bbox 1283 2469 1384 2525; x_wconf 79' lang='lat' dir='ltr'>per</span> <span class='ocrx_word' id='word_1_162' title='bbox 1409 2452 1657 2507; x_wconf 77' lang='lat' dir='ltr'>laborem</span> <span class='ocrx_word' id='word_1_163' title='bbox 1696 2453 1797 2508; x_wconf 87' lang='lat' dir='ltr'>usu</span> <span class='ocrx_word' id='word_1_164' title='bbox 1823 2454 1936 2508; x_wconf 85' lang='lat' dir='ltr'>mi·</span> 
     </span>
     <span class='ocr_line' id='line_1_27' title="bbox 384 2529 1936 2606; baseline 0.001 -21"><span class='ocrx_word' id='word_1_165' title='bbox 384 2531 567 2587; x_wconf 83' lang='lat' dir='ltr'>litiam</span> <span class='ocrx_word' id='word_1_166' title='bbox 593 2529 866 2587; x_wconf 50' lang='lat' dir='ltr'>discebat&amp;</span> <span class='ocrx_word' id='word_1_167' title='bbox 892 2530 1176 2606; x_wconf 70' lang='lat' dir='ltr'>magisque</span> <span class='ocrx_word' id='word_1_168' title='bbox 1204 2532 1267 2585; x_wconf 89' lang='lat' dir='ltr'>in</span> <span class='ocrx_word' id='word_1_169' title='bbox 1281 2529 1496 2586; x_wconf 74' lang='lat' dir='ltr'>decoris</span> <span class='ocrx_word' id='word_1_170' title='bbox 1524 2531 1713 2597; x_wconf 84' lang='lat' dir='ltr'>armis,</span> <span class='ocrx_word' id='word_1_171' title='bbox 1746 2546 1800 2585; x_wconf 87' lang='lat' dir='ltr'>et</span> <span class='ocrx_word' id='word_1_172' title='bbox 1825 2534 1936 2587; x_wconf 83' lang='lat' dir='ltr'>mi·</span> 
     </span>
     <span class='ocr_line' id='line_1_28' title="bbox 385 2608 2014 2685; baseline 0.001 -21"><span class='ocrx_word' id='word_1_173' title='bbox 385 2608 642 2665; x_wconf 63' lang='lat' dir='ltr'>lintribus</span> <span class='ocrx_word' id='word_1_174' title='bbox 690 2608 848 2683; x_wconf 72' lang='lat' dir='ltr'>equis</span> <span class='ocrx_word' id='word_1_175' title='bbox 900 2628 1066 2683; x_wconf 87' lang='lat' dir='ltr'>quam</span> <span class='ocrx_word' id='word_1_176' title='bbox 1093 2612 1158 2666; x_wconf 90' lang='lat' dir='ltr'>in</span> <span class='ocrx_word' id='word_1_177' title='bbox 1205 2608 1393 2668; x_wconf 78' lang='lat' dir='ltr'>scortis</span> <span class='ocrx_word' id='word_1_178' title='bbox 1447 2625 1610 2685; x_wconf 80' lang='lat' dir='ltr'>atque</span> <span class='ocrx_word' id='word_1_179' title='bbox 1662 2611 1940 2665; x_wconf 78' lang='lat' dir='ltr'>conviviis</span> <span class='ocrx_word' id='word_1_180' title='bbox 2009 2647 2014 2651; x_wconf 95' lang='lat'><em>-</em></span> 
     </span>
     <span class='ocr_line' id='line_1_29' title="bbox 386 2686 1940 2764; baseline 0.001 -20"><span class='ocrx_word' id='word_1_181' title='bbox 386 2688 689 2745; x_wconf 74' lang='lat' dir='ltr'>libidinem</span> <span class='ocrx_word' id='word_1_182' title='bbox 716 2686 978 2743; x_wconf 84' lang='lat' dir='ltr'>habebat.</span> <span class='ocrx_word' id='word_1_183' title='bbox 1024 2690 1211 2764; x_wconf 83' lang='lat' dir='ltr'>Igitur</span> <span class='ocrx_word' id='word_1_184' title='bbox 1235 2688 1441 2744; x_wconf 81' lang='lat' dir='ltr'>talibus</span> <span class='ocrx_word' id='word_1_185' title='bbox 1468 2689 1605 2744; x_wconf 82' lang='lat' dir='ltr'>viris</span> <span class='ocrx_word' id='word_1_186' title='bbox 1632 2707 1750 2744; x_wconf 86' lang='lat' dir='ltr'>non</span> <span class='ocrx_word' id='word_1_187' title='bbox 1780 2687 1940 2746; x_wconf 84' lang='lat' dir='ltr'>labor</span> 
     </span>
     <span class='ocr_line' id='line_1_30' title="bbox 386 2766 1937 2841; baseline 0.001 -18"><span class='ocrx_word' id='word_1_188' title='bbox 386 2767 670 2831; x_wconf 78' lang='lat' dir='ltr'>insolitus,</span> <span class='ocrx_word' id='word_1_189' title='bbox 699 2786 820 2822; x_wconf 87' lang='lat' dir='ltr'>non</span> <span class='ocrx_word' id='word_1_190' title='bbox 859 2767 1015 2822; x_wconf 81' lang='lat' dir='ltr'>locus</span> <span class='ocrx_word' id='word_1_191' title='bbox 1043 2768 1191 2823; x_wconf 86' lang='lat' dir='ltr'>ullus</span> <span class='ocrx_word' id='word_1_192' title='bbox 1220 2766 1377 2841; x_wconf 82' lang='lat' dir='ltr'>asper</span> <span class='ocrx_word' id='word_1_193' title='bbox 1420 2782 1514 2823; x_wconf 86' lang='lat' dir='ltr'>aut</span> <span class='ocrx_word' id='word_1_194' title='bbox 1558 2768 1763 2824; x_wconf 81' lang='lat' dir='ltr'>arduus</span> <span class='ocrx_word' id='word_1_195' title='bbox 1797 2784 1937 2831; x_wconf 80' lang='lat' dir='ltr'>erat,</span> 
     </span>
     <span class='ocr_line' id='line_1_31' title="bbox 388 2833 1942 2904; baseline 0.003 -4"><span class='ocrx_word' id='word_1_196' title='bbox 388 2864 508 2901; x_wconf 82' lang='lat' dir='ltr'>non</span> <span class='ocrx_word' id='word_1_197' title='bbox 548 2860 792 2901; x_wconf 80' lang='lat' dir='ltr'>armatus</span> <span class='ocrx_word' id='word_1_198' title='bbox 836 2844 1005 2900; x_wconf 83' lang='lat' dir='ltr'>hostis</span> <span class='ocrx_word' id='word_1_199' title='bbox 1050 2833 1482 2902; x_wconf 64' lang='lat' dir='ltr'>fomfidolosus:</span> <span class='ocrx_word' id='word_1_200' title='bbox 1526 2849 1704 2904; x_wconf 88' lang='lat' dir='ltr'>virtus</span> <span class='ocrx_word' id='word_1_201' title='bbox 1749 2850 1942 2904; x_wconf 82' lang='lat' dir='ltr'>omnia</span> 
     </span>
     <span class='ocr_line' id='line_1_32' title="bbox 386 2924 1938 3001; baseline 0.001 -21"><span class='ocrx_word' id='word_1_202' title='bbox 386 2924 710 2980; x_wconf 83' lang='lat' dir='ltr'>domuerat:</span> <span class='ocrx_word' id='word_1_203' title='bbox 758 2924 851 2980; x_wconf 87' lang='lat' dir='ltr'>sed</span> <span class='ocrx_word' id='word_1_204' title='bbox 879 2925 1070 3001; x_wconf 71' lang='lat' dir='ltr'>gloriae</span> <span class='ocrx_word' id='word_1_205' title='bbox 1098 2945 1428 2982; x_wconf 74' lang='lat' dir='ltr'>maxumum</span> <span class='ocrx_word' id='word_1_206' title='bbox 1465 2941 1742 2983; x_wconf 84' lang='lat' dir='ltr'>certamen</span> <span class='ocrx_word' id='word_1_207' title='bbox 1789 2927 1938 2982; x_wconf 77' lang='lat' dir='ltr'>inter</span> 
     </span>
     <span class='ocr_line' id='line_1_33' title="bbox 384 2997 1933 3078; baseline 0.001 -18"><span class='ocrx_word' id='word_1_208' title='bbox 384 3002 535 3077; x_wconf 80' lang='lat' dir='ltr'>ipsos</span> <span class='ocrx_word' id='word_1_209' title='bbox 548 3018 688 3058; x_wconf 88' lang='lat' dir='ltr'>erat.</span> <span class='ocrx_word' id='word_1_210' title='bbox 716 3001 787 3059; x_wconf 80' lang='lat' dir='ltr'>Se</span> <span class='ocrx_word' id='word_1_211' title='bbox 798 3002 1030 3078; x_wconf 81' lang='lat' dir='ltr'>quisque</span> <span class='ocrx_word' id='word_1_212' title='bbox 1044 3003 1691 3069; x_wconf 68' lang='lat' dir='ltr'>hostem‘ferire,murum</span> <span class='ocrx_word' id='word_1_213' title='bbox 1708 2997 1933 3070; x_wconf 67' lang='lat' dir='ltr'>idscen·</span> 
     </span>
     <span class='ocr_line' id='line_1_34' title="bbox 382 3080 1935 3160; baseline 0.002 -24"><span class='ocrx_word' id='word_1_214' title='bbox 382 3080 541 3147; x_wconf 82' lang='lat' dir='ltr'>dere,</span> <span class='ocrx_word' id='word_1_215' title='bbox 573 3081 849 3158; x_wconf 78' lang='lat' dir='ltr'>co’nspici,</span> <span class='ocrx_word' id='word_1_216' title='bbox 868 3082 1030 3149; x_wconf 87' lang='lat' dir='ltr'>dum,</span> <span class='ocrx_word' id='word_1_217' title='bbox 1064 3084 1170 3139; x_wconf 86' lang='lat' dir='ltr'>tale</span> <span class='ocrx_word' id='word_1_218' title='bbox 1198 3083 1411 3139; x_wconf 85' lang='lat' dir='ltr'>facinus</span> <span class='ocrx_word' id='word_1_219' title='bbox 1439 3084 1637 3140; x_wconf 80' lang='lat' dir='ltr'>faceret</span> <span class='ocrx_word' id='word_1_220' title='bbox 1666 3102 1935 3160; x_wconf 84' lang='lat' dir='ltr'>propera-</span> 
     </span>
     <span class='ocr_line' id='line_1_35' title="bbox 385 3162 1937 3239; baseline 0.001 -23"><span class='ocrx_word' id='word_1_221' title='bbox 385 3162 513 3216; x_wconf 84' lang='lat' dir='ltr'>bat:</span> <span class='ocrx_word' id='word_1_222' title='bbox 558 3179 648 3215; x_wconf 80' lang='lat' dir='ltr'>eas</span> <span class='ocrx_word' id='word_1_223' title='bbox 675 3162 938 3226; x_wconf 55' lang='lat' dir='ltr'>divitiam</span> <span class='ocrx_word' id='word_1_224' title='bbox 964 3181 1086 3217; x_wconf 87' lang='lat' dir='ltr'>eam</span> <span class='ocrx_word' id='word_1_225' title='bbox 1100 3165 1308 3218; x_wconf 86' lang='lat' dir='ltr'>bonam</span> <span class='ocrx_word' id='word_1_226' title='bbox 1334 3162 1538 3219; x_wconf 80' lang='lat' dir='ltr'>famam</span> <span class='ocrx_word' id='word_1_227' title='bbox 1567 3182 1937 3239; x_wconf 82' lang='lat' dir='ltr'>magnamque</span> 
     </span>
     <span class='ocr_line' id='line_1_36' title="bbox 387 3235 1935 3322; baseline -0.001 -27"><span class='ocrx_word' id='word_1_228' title='bbox 387 3235 740 3297; x_wconf 78' lang='lat' dir='ltr'>nobilitatem</span> <span class='ocrx_word' id='word_1_229' title='bbox 770 3242 1074 3317; x_wconf 68' lang='lat' dir='ltr'>putabantt</span> <span class='ocrx_word' id='word_1_230' title='bbox 1108 3241 1291 3298; x_wconf 83' lang='lat' dir='ltr'>laudis</span> <span class='ocrx_word' id='word_1_231' title='bbox 1318 3236 1492 3308; x_wconf 59' lang='lat' dir='ltr'>avidi,</span> <span class='ocrx_word' id='word_1_232' title='bbox 1518 3245 1767 3320; x_wconf 75' lang='lat' dir='ltr'>pecuniae</span> <span class='ocrx_word' id='word_1_233' title='bbox 1781 3244 1935 3322; x_wconf 33' lang='lat' dir='ltr'>*libe-</span> 
     </span>
    </p>

    <p class='ocr_par' dir='ltr' id='par_1_4' title="bbox 1127 3320 1940 3398">
     <span class='ocr_line' id='line_1_37' title="bbox 1127 3320 1940 3398; baseline -0.004 -20"><span class='ocrx_word' id='word_1_234' title='bbox 1127 3322 1187 3378; x_wconf 81' lang='lat' dir='ltr'>A</span> <span class='ocrx_word' id='word_1_235' title='bbox 1217 3340 1250 3398; x_wconf 85' lang='lat'>3</span> <span class='ocrx_word' id='word_1_236' title='bbox 1797 3320 1940 3375; x_wconf 80' lang='lat' dir='ltr'>tales</span> 
     </span>
    </p>
   </div>
   <div class='ocr_carea' id='block_1_4' title="bbox 2343 70 2350 587">
    <p class='ocr_par' dir='ltr' id='par_1_5' title="bbox 2343 70 2350 587">
     <span class='ocr_line' id='line_1_38' title="bbox 2343 70 2350 587; baseline 0 0"><span class='ocrx_word' id='word_1_237' title='bbox 2343 70 2350 587; x_wconf 95' lang='lat' dir='ltr'> </span> 
     </span>
    </p>
   </div>
  </div>
 </body>
</html>
