2387 4040
561 386 867 456 [ΓΒΕ
902 389 964 455 R
1041 382 1935 476 111.CA1›.x1x.·2135·

350 516 856 596 ἷτειὲὶίεὶτςειῆυἰίε,
914 520 1193 596 sexaginta
1231 518 1467 594 amplius
1496 517 1744 571 millimu
1774 514 1901 570 fecit

349 599 688 663 exercitum3
724 598 1015 675 regiisque,
1040 619 1110 654 ne
1134 597 1272 671 quid
1303 598 1461 653 malis
1487 593 1704 657 deesset,
1737 593 1902 649 deco·

333 685 499 733 ‘ratus
530 678 860 754 infignibuS,
906 677 1139 741 castella,
1190 676 1428 751 oppida,
1477 676 1650 738 vicos,
1681 672 1905 728 misera-

348 756 455 811 bili
483 743 802 831 direptione
830 755 1072 831 vastavit.
1108 756 1269 833 Quin
1312 753 1456 811 illud
1496 771 1717 827 quoque
1748 749 1902 820 (ulti-

347 855 507 889 mum
534 834 669 890 belli
705 834 960 905 dedecus)
1007 850 1165 909 capta
1209 834 1335 888 sunt
1361 832 1525 887 castra
1554 831 1897 894 Praetorum3

350 933 454 969 nec
483 914 776 969 nominare
804 913 953 987 ipsos
975 913 1234 987 pudebit,
1272 911 1439 971 castra
1462 908 1712 974 Manilii,
1750 908 1899 962 Len·

350 993 480 1054 tuli,
520 992 760 1057 Pisonis,
795 991 1051 1068 Hypsaei.
1141 992 1334 1065 Itaque
1363 992 1461 1063 qui
1499 1007 1600 1065 per
1624 985 1902 1063 -fugitiva-

350 1074 465 1128 rios
493 1069 699 1126 retrahi
731 1068 1062 1130 debuissent,
1095 1070 1383 1145 praetorios
1408 1068 1598 1131 duces,
1630 1065 1904 1141 profugo}

351 1151 547 1225 praelio
593 1149 695 1224 ipfi
724 1149 1112 1224 sequebantur.
1181 1149 1442 1204 Tandem
1476 1149 1755 1219 Perperna
1783 1147 1902 1200 Im-

350 1244 606 1303 peratore
636 1228 974 1303 supplicium
1021 1225 1090 1281 de
1143 1230 1245 1285 eis·
1269 1227 1553 1300 sumptum
1606 1224 1699 1280 est.
1789 1226 1903 1282 Hic

354 1307 504 1362 enim
534 1306 730 1372 victos,
781 1322 834 1362 et
883 1306 1036 1380 apud
1065 1309 1283 1361 Ennam
1332 1304 1899 1370 noviffime'obseffOS,

353 1406 532 1460 quum
561 1383 729 1453 fame,
761 1385 907 1459 quasi
946 1384 1281 1458 pestilentia,
1313 1382 1740 1458 consumpfiffet,
1772 1383 1902 1438 reli-

353 1465 512 1539 quias
566 1464 847 1537 latronum
898 1462 1285 1537 compedibuS,
1341 1465 1569 1527 catenis,
1625 1462 1902 1537 religavit,

357 1542 724 1618 crucibusque
752 1543 1000 1617 punivit.
1088 1543 1321 1614 Fuitque
1352 1541 1423 1598 de
1451 1541 1617 1597 servis
1645 1543 1904 1597 ovatione

355 1635 676 1686 contentus),
709 1640 779 1676 ne
801 1622 1129 1696 dignitatem
1156 1621 1431 1695 triumphi
1460 1621 1642 1677 servili
1670 1620 1905 1696 inscrip-

360 1716 515 1756 tione
538 1701 794 1755 violaret.
826 1699 1089 1757 Vixdum
1116 1699 1474 1774 respiraverat
1499 1698 1696 1765 insula,
1728 1720 1907 1774 quum

359 1779 540 1833 statim
571 1779 731 1843 servi,
765 1794 818 1833 et
843 1800 874 1836 a
898 1779 1039 1856 Syro
1069 1780 1283 1834 reditur
1311 1780 1380 1835 ad
1412 1781 1671 1839 Cilicem.
1721 1780 1906 1837 Athe-

359 1859 458 1913 nio
486 1857 689 1931 pastor,
722 1857 1012 1914 interfecto
1040 1858 1301 1923 domin0,
1333 1859 1607 1915 familiam
1636 1860 1907 1935 ergastulo

357 1936 651 1992 liberatam
680 1937 776 1995 sub
803 1938 970 2014 {ignis
1018 1937 1265 1992 ordinat.
1353 1938 1477 2012 Ipse
1523 1938 1662 1993 veste
1691 1958 1908 2013 purpu-

360 2036 473 2081 rea,
493 2012 862 2091 argenteoque
875 2017 1095 2083 baculo,
1123 2033 1176 2072 et
1204 2016 1419 2094 regium
1440 2017 1501 2071 in
1516 2038 1729 2073 morem
1751 2017 1907 2075 fron-

329 2163 336 2171 ·
365 2109 416 2149 te
445 2095 726 2160 redimita,
777 2117 897 2152 non
946 2097 1247 2159 minorem,
1297 2116 1465 2170 quam
1513 2098 1608 2151 ille
1640 2097 1909 2154 fanaticus

365 2175 542 2248 prior,
560 2175 765 2230 conflat
780 2177 1117 2231 exercitumt
1147 2176 1435 2250 acriusque
1457 2176 1660 2240 multo,
1690 2178 1835 2250 quasi
1856 2193 1911 2233 et

363 2254 527 2308 illum
548 2253 877 2321 vindicaret,
904 2256 1079 2320 vicos„
1099 2255 1353 2321 castella,
1368 2254 1581 2330 oppida
1605 2254 1906 2329 diripiens,

364 2332 428 2387 in
470 2327 758 2397 dominos,
789 2335 850 2388 in
880 2335 1062 2389 servos
1088 2333 1363 2400 infestius,
1408 2334 1555 2408 quasi
1583 2334 1642 2389 in
1671 2336 1910 2392 transfu-

366 2432 481 2487 gaS,
515 2411 788 2468 saeviebat.·
870 2415 966 2469 Ab
996 2411 1101 2468 hoc
1132 2433 1355 2488 quoque
1405 2414 1654 2471 Praetorii
1701 2416 1913 2471 exerci-

367 2506 453 2546 tus
482 2492 616 2556 (εὖ,
651 2507 808 2566 capta
838 2491 1056 2548 Servilii
1084 2492 1272 2558 castra,
1301 2507 1460 2566 capta
1496 2493 1744 2550 Luculli.
1801 2494 1910 2550 Sed
1970 2523 1978 2528 ·

367 2570 657 2643 Aquilius,
714 2573 1005 2645 Perpernae
1046 2571 1172 2628 usus
1223 2571 1507 2644 exemp10,
1556 2572 1914 2628 interclusum

367 2650 576 2705 hostem
625 2651 1026 2706 commeatibus
1054 2650 1123 2710 ad
1152 2665 1395 2704 extrema
1418 2653 1722 2723 compulit:
1760 2671 1914 2707 com-

367 2729 718 2804 munitasque
739 2730 927 2804 copias
968 2730 1133 2784 armis
1161 2730 1306 2784 fame
1334 2728 1494 2783 facile
1520 2728 1758 2785 delevit:
1813 2729 1913 2784 de-

329 2861 339 2868 .
368 2808 742 2883 didiffentque
768 2808 840 2873 se,
873 2808 970 2862 nifi
999 2807 1404 2882 suppliciorum
1429 2823 1581 2862 metu
1606 2809 1918 2864 voluntari-

370 2907 460 2943 am
482 2903 720 2942 mortem
762 2885 1140 2961 praetuliffent.
1211 2888 1299 2943 Ac
1326 2881 1495 2941 ne-de
1523 2887 1661 2944 duce
1689 2887 1920 2962 quidem
2010 2903 2019 2920 ³

373 2966 712 3041 supplicium
744 2968 894 3041 exigi
916 2967 1124 3040 potuit,
1155 2967 1403 3041 quamvis
1432 2963 1492 3020 in
1530 2987 1725 3023 manus
1752 2987 1918 3023 vene-

371 3048 467 3103 rit.
556 3046 813 3122 Quippe,
849 3045 987 3100 dum
1025 3046 1168 3101 circa
1218 3044 1757 3121 adprehendendum
1787 3065 1916 3100 eum

375 3123 686 3180 multitudo
752 3122 1066 3190 contendit,
1152 3124 1298 3180 inter
1358 3125 1666 3181 rixantium
1722 3143 1920 3179 manus

378 3203 565 3280 praeda
594 3203 824 3258 lacerata
852 3203 944 3259 est.

619 3399 642 3408 -
791 3325 796 3330 ’
945 3433 952 3437 ‚
1250 3443 1259 3454 ι
1688 3355 1919 3419 C'AP.
