2387 4040
457 368 581 417 ιη
644 344 713 415 c,
773 339 1048 414 CRIS
1079 347 1224 415 121,
1263 321 1911 415 SALLUsTu

531 556 793 613 LXXX.
825 560 896 614 Id
920 558 1206 635 oppidum
1234 560 1302 614 ab
1330 558 1578 615 Sidoniis
1590 555 1883 614 eonditum
1905 555 2005 620 est,

452 656 599 712 quos
646 639 959 712 accepimus
1008 638 1283 716 profugos
1329 640 1403 693 ob
1452 636 1756 692 discordias
1793 636 2001 699 civilis,

446 717 683 773 navibus
708 718 771 773 in
801 740 895 778 eos
921 721 1073 776 locos
1095 717 1336 784 veniffe3
1386 732 1629 773 ceterum
1656 717 1814 772 {itum
1857 715 2015 769 in‘ter'

445 798 586 853 duas
614 798 824 874 Syrtes,
855 800 1058 876 quibus
1086 818 1299 855 nomen
1328 817 1397 854 ex
1424 817 1484 852 re
1511 795 1780 853 inditum.
1855 795 2007 850 Nam

443 876 565 933 duo
619 877 748 934 sunt
773 880 921 937 finus
950 898 1130 955 prope
1157 879 1217 934 in
1249 893 1497 932 extrema
1526 874 1745 941 Africa,
1779 875 2006 949 inpares

447 957 866 1034 magnitudine,
901 961 1023 1035 pari
1054 974 1283 1014 natura:
1317 976 1562 1032 quorum
1587 975 1866 1031 proxuma
1895 971 2008 1009 ter-

446 1058 518 1094 rae
548 1039 771 1111 praealta
799 1040 949 1104 sunt,
978 1055 1177 1102 cetera,
1207 1037 1290 1093 uti
1314 1038 1426 1093 fors
1459 1037 1610 1103 tulit,
1640 1038 1788 1100 alta3
1822 1035 2006 1091 aliain

447 1116 765 1190 tempestate
791 1119 1017 1175 vadosa.
1103 1120 1256 1175 Nam
1279 1119 1380 1173 ubi
1403 1136 1555 1172 mare
1578 1131 1853 1192 magnum
1878 1114 2006 1179 effe,

444 1210 502 1250 et
524 1194 706 1252 saevire
734 1199 902 1274 coepit
923 1199 1127 1264 ventis,
1161 1200 1387 1263 limum,
1417 1216 1774 1271 arenamque,
1802 1210 1856 1250 et
1880 1194 2009 1251 saxa

447 1276 703 1351 ingentia
734 1277 929 1334 fluetus
979 1279 1245 1335 trahunt:
1298 1278 1374 1331 ita
1401 1276 1562 1333 facies
1594 1277 1850 1332 locorum
1877 1294 2009 1331 cum

445 1356 630 1411 ventis
656 1355 817 1415 fimul
866 1375 1149 1415 mutatur:
1201 1361 1362 1433 Syrtes
1409 1357 1473 1412 ab
1519 1355 1676 1411 trulla
1722 1354 2007 1412 nominatae.

452 1437 587 1511 Ejus
615 1436 855 1496 civitatis
876 1441 1072 1517 lingua
1092 1439 1269 1496 modo
1289 1437 1549 1494 conversa
1570 1435 1856 1492 connubio
1884 1436 2012 1491 Nu·-

455 1514 774 1575 midarurn:
822 1521 1034 1595 legum,
1094 1520 1382 1594 cultusque
1411 1518 1678 1592 pleraque
1703 1515 2007 1573 Sidonica:

453 1615 577 1670 quae
606 1617 672 1651 eo
703 1599 924 1656 facilius
975 1601 1318 1664 retinebant,
1371 1596 1527 1673 quod
1555 1597 1756 1670 procul
1804 1597 1872 1652 ab
1900 1595 2009 1651 im-

455 1675 614 1747 perio
639 1695 781 1753 regns
799 1694 1010 1735 aetatem
1034 1680 1292 1755 agebant.
1326 1679 1484 1733 Inter
1502 1676 1655 1743 illos,
1675 1692 1729 1732 et
1749 1675 2011 1752 frequen·-

452 1768 566 1809 πω
591 1754 930 1815 Numidiam
956 1758 1124 1818 multi
1149 1758 1393 1837 vastique
1420 1758 1534 1817 loci
1560 1773 1741 1814 erant.

545 1916 842 1975 LXXXI.
873 1919 1005 1996 Sed,
1054 1922 1327 1994 quoniam
1352 1921 1415 1975 in
1464 1918 1566 1976 has
1610 1920 1863 1996 regiones
1912 1939 2015 1993 per

458 1994 890 2072 Leptitanorum
921 1999 1149 2077 negotia
1195 2001 1473 2062 venimus,
1530 2017 1651 2054 non
1702 1997 2011 2077 indignum

455 2077 703 2146 videtur,
731 2080 1040 2157 egregium,
1066 2096 1232 2155 atque
1258 2080 1516 2136 mirabile
1536 2078 1751 2136 facinus
1763 2077 2012 2136 duorum

453 2155 1005 2239 Carthaginienssum
1030 2180 1374 2225 memorare3
1435 2178 1554 2215 eam
1583 2178 1698 2215 rem
1728 2178 1831 2215 nos
1854 2160 2013 2216 loeus

455 2235 774 2297 admonuit.
843 2243 979 2318 Qua
1006 2240 1329 2317 tempestate
1368 2237 1859 2316 Carthaginienses
1886 2238 2009 2315 ple-

456 2339 639 2393 raeque
665 2320 876 2378 Africae
913 2322 1332 2394 imperitabant,
1384 2320 1733 2399 Cyrenenses
1779 2338 2011 2396 quoque

459 2400 678 2472 magni,
724 2415 888 2474 atque
919 2400 1181 2474 opulenti
1223 2399 1403 2455 fuere.
1491 2399 1654 2476 Ager
1701 2400 1763 2456 in
1808 2400 2010 2458 medio

455 2477 738 2545 arenosus,
773 2499 886 2535 una
911 2479 1123 2554 specie:
1162 2498 1344 2554 neque
1371 2480 1606 2548 fiumen,
1635 2500 1817 2556 neque
1842 2498 2008 2536 mons

454 2572 593 2623 erat,
623 2558 721 2634 qui
750 2559 876 2617 finis
904 2579 1097 2617 eorum
1125 2560 1493 2626 discerneret3
1543 2581 1665 2636 quae
1694 2580 1779 2617 res
1806 2580 1899 2617 eos
1946 2561 2009 2617 in

457 2658 667 2717 magno
689 2640 1076 2716 diuturnoque
1106 2642 1257 2697 bello
1283 2642 1433 2696 iuter
1460 2642 1511 2697 se
1541 2640 1763 2698 habuit.
1828 2638 2006 2697 -Pbst-

454 2738 624 2792 quarn
650 2722 941 2796 utrimque
985 2723 1261 2799 legiones¹
1308 2722 1442 2778 item
1471 2721 1652 2777 claffes
1682 2722 1824 2795 saepe
1851 2720 2002 2788 fusae,

456 2797 790 2874 fugataeque,
824 2816 880 2857 et
908 2802 1068 2858 alteri
1117 2803 1320 2858 alteros
1365 2802 1717 2876 aliquantum
1769 2801 2012 2859 adtrive-

456 2892 619 2932 rant:
664 2880 854 2957 veriti,
886 2900 958 2935 ne
994 2900 1129 2936 mox
1155 2880 1355 2948 victos,
1412 2881 1753 2956 vidior-esque
1781 2881 2014 2938 defeffos

451 2956 597 3013 alius
627 2957 1048 3036 adgrederetur,
1105 2980 1209 3035 per
1254 2961 1511 3018 inducias
1550 2961 1905 3036 sponsionem
1932 2963 2012 3018 sa·

450 3036 634 3103 ciunt,
665 3040 736 3093 uti
758 3049 883 3095 cereo
910 3040 994 3096 die
1019 3040 1175 3113 legati
1199 3042 1339 3096 domo
1360 3039 1821 3117 prqficg'scerevzlur:
1850 3044 2011 3117 quoin

451 3114 553 3172 loco
576 3116 703 3172 inter
710 3117 776 3191 se
800 3120 931 3176 obvii
937 3115 1179 3197 frustati,
1228 3122 1273 3178 is
1299 3124 1560 3178 communis
1583 3121 1827 3196 utriusque
1844 3122 2014 3196 pepedi

433 3192 574 3269 finis
596 3197 870 3255 haberetur.
918 3203 1104 3278 Igitur
1121 3200 1469 3279 Carthagine
1496 3203 1614 3260 duo
1634 3202 1828 3259 fratres
1843 3202 2007 3269 miffi,

457 3278 660 3355 quibus
715 3299 927 3339 nomen
984 3280 1254 3341 Philaenis
1310 3298 1447 3351 erat,
1507 3300 1852 3342 maturavere
1910 3283 2015 3338 iter

1748 3380 1975 3443 pergere
1990 3381 2008 3420 ἓ
