2387 4040
580 384 703 450 192
798 358 891 439 L.-
946 356 1385 437 ANNAEI
1455 360 1835 431 FLORI

454 488 661 564 spiritu
686 488 833 543 male
870 502 1088 560 partam
1114 507 1441 546 revomuere
1486 488 1800 545 victoriam.
1889 489 2023 563 Ipse
2133 482 2141 491 ’

456 570 587 625 Rex
607 566 833 642 Apulo,
865 582 1008 640 equo
1037 567 1348 643 impositus,
1381 582 1558 642 quum
1612 568 1850 625 subinde
1898 588 2023 623 cra-

456 648 616 722 pula,
650 660 706 701 et
752 646 949 719 capitis
972 646 1163 723 jaistati
1214 645 1454 712 fervore,
1499 647 1756 722 lapsaret‚
1791 662 2026 721 captum

458 726 566 781 sese
593 727 715 794 vix,
746 740 803 781 et
834 746 999 803 aegre,
1032 726 1327 805 postquam
1350 726 1698 800 experrestus
1729 726 1825 794 est,
1873 725 2032 783 didi·

460 806 559 860 eit.

917 990 968 1048 C
1051 992 1113 1048 A
1197 993 1264 1048 Ρ.
1438 990 1527 1046 XI
1541 1031 1557 1046 .

917 1150 1110 1219 Bellum
1140 1151 1190 1207 G
1195 1149 1526 1227 allograecum.
1599 1168 1608 1173 ·

466 1285 661 1426 GA
682 1289 731 1345 L
752 1287 801 1343 L
824 1248 899 1343 ὃ
909 1285 962 1343 G
989 1289 1043 1342 R
1070 1284 1131 1338 AE
1158 1286 1207 1343 c
1237 1289 1266 1341 1
1290 1282 1348 1339 A
1369 1287 1436 1341 M
1483 1306 1710 1366 quoque
1765 1287 2029 1365 Syriatici

642 1368 779 1424 belli
818 1366 980 1424 ruina
1015 1367 1326 1422 convolvit.
1416 1366 1643 1429 Fuerint
1681 1368 1832 1423 inter
1883 1388 2028 1425 aux-

461 1451 562 1507 ilia
613 1446 787 1523 Regis
836 1444 1149 1502 Antiochi:
1211 1466 1283 1501 an
1339 1444 1520 1510 fuisse,
1554 1466 1613 1501 ac
1644 1447 1890 1521 cupidus
1919 1449 2024 1502 tri-

460 1528 669 1604 umphi
681 1526 931 1583 Manlius
960 1546 1052 1581 eos
1076 1524 1220 1581 visos
1249 1525 1603 1590 simulaverit,
1652 1525 1893 1582 dubium
1921 1526 2021 1581 est.

467 1610 637 1666 Certe
663 1621 897 1683 negatus
930 1605 1001 1660 est
1042 1603 1252 1661 Viaori
1298 1603 1648 1679 triumphus,
1703 1608 1835 1679 quia
1891 1626 2026 1662 cau-

460 1688 576 1744 sam
602 1686 739 1742 belli
768 1704 887 1740 non
914 1683 1257 1759 approbavit
1281 1684 1534 1740 Senatus.
1579 1684 1856 1741 Caeterum
1889 1704 2026 1761 gens

464 1766 968 1841 Gllaograeeorum‚
1028 1763 1161 1818 ficut
1192 1762 1378 1837 ipsum
1419 1783 1628 1819 nomen
1677 1765 1893 1821 indicio
1921 1764 2019 1832 est,

366 1900 390 1909 ,,
461 1846 673 1910 mixtae,
734 1858 788 1899 et
839 1843 1157 1899 adulteratae
1241 1842 1484 1915 reliquiae
1541 1844 1866 1910 Gallorum,
1922 1846 2026 1917 qui

465 1926 697 1982 Brenno
728 1922 867 1978 duce
906 1921 1245 1981 vastaverant
1294 1921 1589 1987 Graeciam,
1645 1944 1780 1979 mox
1810 1922 2026 1979 Orien·

464 2020 581 2065 tem
609 2000 849 2078 sequuti,
877 2004 939 2058 in
982 2002 1170 2061 media
1205 2000 1345 2074 Afiae
1374 2017 1532 2078 parte
1559 2002 1835 2060 sederunt.
1906 2005 2027 2058 Ita-

464 2105 575 2160 que
601 2099 665 2140 ut
698 2083 927 2159 frugum
959 2082 1168 2139 semina
1223 2098 1439 2138 mutato
1493 2083 1608 2140 solo
1639 2083 2016 2160 degenerant3

462 2166 534 2232 fic
556 2165 653 2220 illa
678 2163 924 2241 genuina
956 2161 1144 2236 feritas
1174 2181 1392 2228 comm,
1438 2161 1678 2219 Asiatica
1707 2164 2026 2219 amoenitate

462 2245 689 2300 mollita
716 2242 810 2298 est.
898 2243 1136 2298 Duobus
1162 2243 1352 2314 itaque
1379 2243 1583 2316 praeliis
1610 2242 1709 2298 fusi
1736 2242 2027 2319 fugatique

467 2325 594 2379 sunt
618 2341 632 2376 ι
668 2321 919 2396 quamvis
949 2321 1050 2376 sub
1078 2321 1322 2377 adventu
1353 2321 1519 2378 hostis
1549 2321 1746 2376 reliffis
1775 2323 2024 2388 sedihm,

468 2403 532 2456 in
558 2401 841 2457 altiffimos
870 2400 922 2454 se
947 2417 1165 2456 montes
1219 2401 1566 2476 recepissent.
1635 2400 2029 2478 „Tolostobogi

468 2481 818 2556 Olympum,
847 2477 1134 2553 Tecstosagi
1157 2481 1459 2556 Magabam
1485 2481 1824 2537 insederant.
1857 2483 2024 2540 Utri-
2093 2509 2100 2513 ·

466 2579 576 2635 que
648 2558 843 2616 fundis
891 2557 1209 2635 sagittisque
1261 2559 1460 2626 adaffi,
1515 2559 1577 2616 in
1617 2576 1946 2637 perpetuam
1972 2564 2026 2621 se

464 2659 662 2716 pacem
693 2637 1058 2694 dediderunt.
1146 2637 1256 2694 Sed
1297 2639 1509 2718 alligati
1563 2643 1836 2696 miraculo
1877 2662 2024 2716 quo-

424 2721 441 2738 '
468 2719 599 2774 dam
626 2717 803 2783 fuere,
857 2737 1033 2791 quum
1062 2733 1278 2774 catenas
1305 2720 1572 2776 morfibus
1597 2736 1650 2776 et
1697 2737 1793 2776 ore
1822 2723 2024 2778 tentas-

447 2797 619 2876 ·sent:
666 2816 842 2870 quum
892 2795 1212 2854 offocandas
1240 2799 1482 2856 in‘vicem
1530 2799 1712 2856 fauces
1763 2804 2030 2874 praebuis-

470 2875 609 2931 sent.
696 2877 847 2931 Nam
876 2875 1230 2953 Ortiagontis
1270 2879 1442 2956 Regis
1471 2899 1640 2946 uxor,
1679 2874 1729 2934 'a
1755 2881 2024 2938 Centuri-

468 2973 578 3010 one
606 2953 860 3028 stuprum
888 2954 1054 3028 passa,
1088 2959 1445 3013 memorabili
1473 2960 1734 3034 exemplo
1783 2959 2025 3018 custodi·
2103 3005 2120 3013 ,

468 3053 563 3167 {m
580 3033 761 3096 evasit,
782 3034 1191 3166 1{evulsumque
1237 3036 1434 3094 militis
1463 3054 1631 3113 caput
1659 3038 1731 3094 ad
1760 3039 2028 3100 maritum

492 3133 633 3170 uum
656 3125 779 3168 retu
805 3126 872 3168 it.

1793 3255 2023 3370 caiz

2129 540 2160 549 Q
