2387 4040
451 391 586 459 ¹50
690 368 772 439 L.
841 365 1305 443 ANNAEI
1361 371 1764 443 FLOR!
1821 313 1863 369 i*

439 493 564 570 pari
593 497 818 561 robore,
849 494 1236 573 frequentibus
1264 499 1473 575 praeliis
1494 500 1727 575 §trique
1754 499 1998 561 commi-

435 590 768 642 nuerentur,
799 576 958 633 miffo
983 579 1046 634 in
1065 578 1486 653 ’compendium
1511 580 1686 646 bello,
1714 578 1997 644 Horatiis.

443 653 841 729 Curiatiisque,
861 658 1178 733 trigeminis
1198 657 1333 715 hinc
1358 675 1522 735 atque
1542 658 1678 715 inde
1706 657 1995 725 fratribus,

439 734 730 809 utriusque
783 736 996 812 Populi
1035 735 1146 793 fata
1185 738 1446 813 permiffa
1492 738 1642 796 sunt.
1712 738 1991 812 ‚Aucep8,

439 828 494 869 et
521 814 716 889 pulcra
737 817 1052 883 contentio,
1075 820 1344 891 exituque
1365 819 1483 893 ipso
1510 818 1817 875 mirabilis:
1862 816 1998 873 Tri-

440 894 546 950 bus
569 894 786 970 quippe
813 895 967 953 illinc
1008 896 1335 962 vulneratis,
1368 898 1503 955 hinc
1530 898 1754 954 duobus
1783 896 1995 963 occisis,

442 973 543 1048 qui
571 974 850 1049 superaret
877 972 1169 1043 Horatius,
1215 976 1409 1034 addito
1439 977 1511 1034 ad
1536 979 1803 1034 virtutem
1831 976 1997 1042 dole,

440 1068 509 1109 ut
547 1052 872 1110 distraheret
909 1054 1146 1123 hostem,
1197 1056 1412 1114 simulat
1458 1057 1680 1135 fugam·
1730 1054 2002 1132 fingquf-

439 1153 572 1207 que,
605 1149 778 1207 prout
801 1132 952 1208 sequi
983 1150 1268 1210 poterant,
1298 1138 1553 1203 adortus,
1585 1150 1879 1211 exuperat.
1909 1134 2001 1191 Sic

441 1232 631 1273 rarum
648 1213 782 1268 alias
808 1212 1000 1280 decuS‚
1030 1215 1201 1271 unius
1244 1237 1413 1272 manu
1457 1230 1619 1293 parta
1641 1216 1873 1273 vifiioria
1897 1213 1997 1280 est,

439 1312 611 1366 quam
651 1292 746 1347 ille
775 1312 910 1349 mox
929 1294 1243 1368 parricidio
1290 1296 1540 1353 foedavit.
1588 1297 1844 1353 Flentem
1870 1294 2000 1369 spo-

438 1372 518 1427 lia
545 1372 688 1429 circa
715 1372 772 1427 se
800 1371 979 1447 sponfi
1010 1375 1265 1447 quidem,
1296 1376 1390 1431 sed
1420 1370 1615 1443 hostis,
1646 1375 1892 1438 sororem
1914 1374 2013 1430 vi*

440 1450 633 1507 derat·
695 1453 867 1509 Hunc
909 1468 1024 1510 tam
1069 1454 1435 1511 immaturum
1475 1456 1710 1532 virginis
1750 1472 2003 1511 amorem

438 1532 592 1587 ultus
625 1530 698 1587 est
725 1530 898 1587 ferre.
975 1533 1233 1591 Citavere
1260 1536 1406 1610 leges
1430 1535 1620 1591 nefas:
1652 1534 1743 1591 sed
1774 1533 2001 1591 abstulit

437 1612 620 1673 viatus
649 1611 1018 1685 parricidam.
1069 1630 1124 1669 et
1150 1614 1367 1672 facinus
1413 1613 1560 1671 infra
1591 1616 1831 1693 gloriam
1861 1612 1997 1669 fuit.

441 1691 565 1746 Nec
593 1690 738 1745 diu
722 1710 784 1744 ιιι
813 1690 923 1746 fide
959 1692 1258 1759 Albanus,
1320 1696 1470 1752 Nam
1511 1694 1779 1751 Fidenate
1820 1694 1996 1757 bello,

439 1768 624 1824 miffi
602 1789 672 1828 m
693 1770 990 1833 auxilium
985 1792 1070 1827 ex
1091 1771 1319 1838 foedere,
1348 1774 1523 1830 medii
1552 1776 1698 1830 inter
1724 1773 1868 1829 duos
1899 1792 1999 1829 ex·

441 1847 725 1923 peCIavere
751 1847 1058 1907 fortunam.
1119 1850 1239 1909 *sed
1266 1874 1365 1909 rex
1394 1853 1651 1921 callidus,
1683 1854 1785 1910 ubi
1808 1853 1999 1909 subin-

442 1929 652 1984 clinare
681 1928 859 1987 socios
881 1930 950 1987 ad
965 1930 1178 1987 hostem
1203 1928 1377 2000 videt,
1413 1934 1566 1989 tollit
1590 1934 1831 2000 animos,
1858 1952 1998 2008 qua-

440 2008 480 2064 fi
507 2008 622 2083 ipse
653 2008 980 2068 mandaffet.
1027 2012 1164 2088 Spes
1196 2012 1330 2070 inde
1359 2013 1581 2085 nost-ris,
1614 2029 1793 2072 metus
1825 2011 2001 2069 hosti-

441 2091 568 2144 bus.
646 2089 736 2146 Sic
781 2089 928 2147 fraus
983 2091 1353 2167 proditorum
1402 2094 1557 2150 irrita
1586 2093 1715 2150 fuit.
1740 2127 1743 2133 ,
1804 2095 2003 2167 ltaque

440 2168 596 2228 hoste
623 2168 764 2226 νιξὶο
801 2173 1099 2246 ιιιρῐοιειιί,
1127 2171 1349 2229 foederis
1397 2175 1644 2229 Metium
1686 2171 2001 2237 Fufetium,

437 2249 736 2326 religatum
766 2249 912 2306 inter
933 2251 1076 2308 duos
1103 2273 1321 2317 currus,
1350 2252 1675 2327 pernicibus
1702 2253 1861 2326 equis
1885 2250 1999 2307 dis-

442 2328 644 2386 trahit:
665 2328 989 2404 Albamque
1003 2331 1202 2406 ipsam
1221 2333 1477 2406 quamvis
1492 2348 1806 2406 parentem,
1826 2350 2001 2388 aemu-

438 2410 554 2463 lam
584 2423 792 2472 tamen,
809 2408 1006 2476 diruit,
1038 2430 1217 2484 quum
1244 2410 1401 2485 prius
1426 2431 1621 2468 omnes
1650 2430 1785 2486 opes
1814 2411 1997 2476 urbis,

439 2486 740 2560 ipsumque
759 2452 1047 2563 Populuin
1074 2490 1322 2544 Romam
1342 2490 1725 2547 transtulisset·
1774 2490 2003 2566 prorsus

439 2582 505 2622 ut
535 2565 945 2644 consanguinea
971 2567 1161 2625 civitas
1187 2588 1308 2625 non
1336 2569 1577 2645 periisse,
1624 2569 1761 2627 sed
1745 2591 1808 2627 ιιι
1836 2567 2000 2626 suum

421 2664 646 2722 -corpus
674 2646 887 2704 rediisse
918 2648 1099 2705 rursus
1126 2648 1435 2707 videretur.

811 2840 862 2896 C
946 2839 1024 2930 Αἱ
1089 2840 1158 2896 P.
1332 2841 1449 2933 IV.

956 2997 1040 3056 De
1067 2996 1196 3055 Anco
1226 2999 1452 3056 Marcio.

439 3141 572 3277 A
591 3137 648 3194 Ν
673 3135 722 3194 C
748 3136 801 3194 U
825 3136 860 3194 S
899 3135 1106 3193 deinde
1133 3136 1415 3195 Marcius.
1466 3155 1643 3214 nepos
1691 3139 1993 3217 Pompilii,

615 3218 742 3294 pari
783 3217 1037 3295 ingenio.
1142 3218 1259 3274 Hic
1290 3217 1467 3294 igitur
1492 3233 1547 3274 et
1586 3223 1793 3294 moenia
1831 3239 1999 3276 muro

438 3303 730 3379 amplexus
760 3296 858 3366 est,
907 3309 962 3353 et
997 3296 1417 3356 interfluentem
1454 3298 1607 3358 Urbi'
1653 3299 1996 3358 Tiberinum

929 3411 934 3418 .
1812 3385 1992 3457 ponte
