<?xml version="1.0" encoding="UTF-8"?>
<!DOCTYPE html PUBLIC "-//W3C//DTD XHTML 1.0 Transitional//EN"
    "http://www.w3.org/TR/xhtml1/DTD/xhtml1-transitional.dtd">
<html xmlns="http://www.w3.org/1999/xhtml" xml:lang="en" lang="en">
 <head>
  <title>
</title>
<meta http-equiv="Content-Type" content="text/html;charset=utf-8" />
  <meta name='ocr-system' content='tesseract 3.04.00' />
  <meta name='ocr-capabilities' content='ocr_page ocr_carea ocr_par ocr_line ocrx_word'/>
</head>
<body>
  <div class='ocr_page' id='page_1' title='image "./ccrispussallust00florgoog_0111.png"; bbox 0 0 2387 4040; ppageno 0'>
   <div class='ocr_carea' id='block_1_1' title="bbox 509 350 1911 452">
    <p class='ocr_par' dir='ltr' id='par_1_1' title="bbox 509 350 1911 452">
     <span class='ocr_line' id='line_1_1' title="bbox 509 350 1911 452; baseline 0 -28"><span class='ocrx_word' id='word_1_1' title='bbox 509 353 1004 441; x_wconf 81' lang='lat' dir='ltr'><em>BELLUM</em></span> <span class='ocrx_word' id='word_1_2' title='bbox 1044 350 1670 452; x_wconf 73' lang='lat' dir='ltr'><em>JUGURTH.</em></span> <span class='ocrx_word' id='word_1_3' title='bbox 1783 378 1911 448; x_wconf 88' lang='lat'>103</span> 
     </span>
    </p>
   </div>
   <div class='ocr_carea' id='block_1_2' title="bbox 325 485 2003 2243">
    <p class='ocr_par' dir='ltr' id='par_1_2' title="bbox 325 485 2003 2243">
     <span class='ocr_line' id='line_1_2' title="bbox 338 485 1909 563; baseline -0.001 -18"><span class='ocrx_word' id='word_1_4' title='bbox 338 489 559 545; x_wconf 82' lang='lat' dir='ltr'>Romano</span> <span class='ocrx_word' id='word_1_5' title='bbox 587 488 710 563; x_wconf 80' lang='lat' dir='ltr'>quod</span> <span class='ocrx_word' id='word_1_6' title='bbox 727 488 830 544; x_wconf 79' lang='lat' dir='ltr'>-illi</span> <span class='ocrx_word' id='word_1_7' title='bbox 867 485 993 558; x_wconf 77' lang='lat' dir='ltr'>jare</span> <span class='ocrx_word' id='word_1_8' title='bbox 1035 497 1323 559; x_wconf 81' lang='lat' dir='ltr'><em>negaretur.</em></span> <span class='ocrx_word' id='word_1_9' title='bbox 1414 485 1716 563; x_wconf 79' lang='lat' dir='ltr'>Postquam</span> <span class='ocrx_word' id='word_1_10' title='bbox 1769 485 1909 554; x_wconf 78' lang='lat' dir='ltr'>haec,</span> 
     </span>
     <span class='ocr_line' id='line_1_3' title="bbox 341 566 1907 643; baseline -0.001 -20"><span class='ocrx_word' id='word_1_11' title='bbox 341 583 510 643; x_wconf 86' lang='lat' dir='ltr'>atque</span> <span class='ocrx_word' id='word_1_12' title='bbox 538 571 644 624; x_wconf 88' lang='lat' dir='ltr'>alia</span> <span class='ocrx_word' id='word_1_13' title='bbox 672 569 800 624; x_wconf 89' lang='lat' dir='ltr'>talia</span> <span class='ocrx_word' id='word_1_14' title='bbox 814 566 986 631; x_wconf 82' lang='lat' dir='ltr'>dixit,</span> <span class='ocrx_word' id='word_1_15' title='bbox 1011 586 1192 642; x_wconf 86' lang='lat' dir='ltr'>neque</span> <span class='ocrx_word' id='word_1_16' title='bbox 1207 567 1427 623; x_wconf 86' lang='lat' dir='ltr'>animus</span> <span class='ocrx_word' id='word_1_17' title='bbox 1452 567 1907 633; x_wconf 63' lang='lat' dir='ltr'>Mariisseffitun</span> 
     </span>
     <span class='ocr_line' id='line_1_4' title="bbox 343 644 1904 725; baseline 0 -22"><span class='ocrx_word' id='word_1_18' title='bbox 343 649 671 723; x_wconf 86' lang='lat' dir='ltr'>respondit:</span> <span class='ocrx_word' id='word_1_19' title='bbox 723 649 817 704; x_wconf 82' lang='lat' dir='ltr'>Ubi</span> <span class='ocrx_word' id='word_1_20' title='bbox 841 648 1055 720; x_wconf 74' lang='lat' dir='ltr'>primum</span> <span class='ocrx_word' id='word_1_21' title='bbox 1095 644 1323 725; x_wconf 69' lang='lat' dir='ltr'>potufft</span> <span class='ocrx_word' id='word_1_22' title='bbox 1346 652 1436 719; x_wconf 81' lang='lat' dir='ltr'>per</span> <span class='ocrx_word' id='word_1_23' title='bbox 1461 649 1660 718; x_wconf 78' lang='lat' dir='ltr'>negotia</span> <span class='ocrx_word' id='word_1_24' title='bbox 1685 647 1904 720; x_wconf 80' lang='lat' dir='ltr'>publica,</span> 
     </span>
     <span class='ocr_line' id='line_1_5' title="bbox 325 724 1910 802; baseline 0.001 -20"><span class='ocrx_word' id='word_1_25' title='bbox 325 724 721 801; x_wconf 67' lang='lat' dir='ltr'>fat&#39;lurumfifi,</span> <span class='ocrx_word' id='word_1_26' title='bbox 753 746 857 802; x_wconf 77' lang='lat' dir='ltr'>quae</span> <span class='ocrx_word' id='word_1_27' title='bbox 873 733 1077 799; x_wconf 75' lang='lat' dir='ltr'>peteret.</span> <span class='ocrx_word' id='word_1_28' title='bbox 1142 727 1233 784; x_wconf 89' lang='lat' dir='ltr'>Ac</span> <span class='ocrx_word' id='word_1_29' title='bbox 1258 726 1466 801; x_wconf 86' lang='lat' dir='ltr'>postea,</span> <span class='ocrx_word' id='word_1_30' title='bbox 1494 726 1689 802; x_wconf 68' lang='lat' dir='ltr'>saepius</span> <span class='ocrx_word' id='word_1_31' title='bbox 1710 727 1910 784; x_wconf 84' lang='lat' dir='ltr'>eadem</span> 
     </span>
     <span class='ocr_line' id='line_1_6' title="bbox 341 802 1912 886; baseline -0.001 -23"><span class='ocrx_word' id='word_1_32' title='bbox 341 808 675 886; x_wconf 81' lang='lat' dir='ltr'>postulanti,</span> <span class='ocrx_word' id='word_1_33' title='bbox 706 808 885 863; x_wconf 85' lang='lat' dir='ltr'>fertur</span> <span class='ocrx_word' id='word_1_34' title='bbox 912 804 1140 863; x_wconf 72' lang='lat' dir='ltr'>dixisse.</span> <span class='ocrx_word' id='word_1_35' title='bbox 1196 802 1564 878; x_wconf 70' lang='lat' dir='ltr'>Nescstinaret</span> <span class='ocrx_word' id='word_1_36' title='bbox 1589 806 1763 862; x_wconf 81' lang='lat' dir='ltr'>abire.-</span> <span class='ocrx_word' id='word_1_37' title='bbox 1778 807 1912 880; x_wconf 80' lang='lat' dir='ltr'>satis</span> 
     </span>
     <span class='ocr_line' id='line_1_7' title="bbox 341 881 1910 962; baseline 0 -19"><span class='ocrx_word' id='word_1_38' title='bbox 341 898 528 943; x_wconf 81' lang='lat' dir='ltr'>mature</span> <span class='ocrx_word' id='word_1_39' title='bbox 555 888 696 943; x_wconf 81' lang='lat' dir='ltr'>illum</span> <span class='ocrx_word' id='word_1_40' title='bbox 721 906 828 942; x_wconf 82' lang='lat' dir='ltr'>cum</span> <span class='ocrx_word' id='word_1_41' title='bbox 833 881 953 958; x_wconf 70' lang='lat' dir='ltr'>fillo</span> <span class='ocrx_word' id='word_1_42' title='bbox 962 885 1061 959; x_wconf 85' lang='lat' dir='ltr'>suo</span> <span class='ocrx_word' id='word_1_43' title='bbox 1097 885 1410 962; x_wconf 67' lang='grc' dir='ltr'>θονψιῖαιωή</span> <span class='ocrx_word' id='word_1_44' title='bbox 1428 887 1711 958; x_wconf 53' lang='lat' dir='ltr'>fulicarum.</span> <span class='ocrx_word' id='word_1_45' title='bbox 1758 890 1814 943; x_wconf 83' lang='lat' dir='ltr'>Is</span> <span class='ocrx_word' id='word_1_46' title='bbox 1841 906 1910 943; x_wconf 89' lang='lat' dir='ltr'>eo</span> 
     </span>
     <span class='ocr_line' id='line_1_8' title="bbox 343 965 1911 1058; baseline -0.001 -36"><span class='ocrx_word' id='word_1_47' title='bbox 343 977 598 1042; x_wconf 67' lang='lat' dir='ltr'>tempore</span> <span class='ocrx_word' id='word_1_48' title='bbox 618 965 995 1024; x_wconf 83' lang='lat' dir='ltr'>contubernio</span> <span class='ocrx_word' id='word_1_49' title='bbox 1012 968 1203 1058; x_wconf 66' lang='lat' dir='ltr'>patris</span> <span class='ocrx_word' id='word_1_50' title='bbox 1235 965 1454 1022; x_wconf 86' lang='lat' dir='ltr'>ibidem</span> <span class='ocrx_word' id='word_1_51' title='bbox 1478 966 1775 1031; x_wconf 85' lang='lat' dir='ltr'>militabat,</span> <span class='ocrx_word' id='word_1_52' title='bbox 1810 985 1911 1022; x_wconf 87' lang='lat' dir='ltr'>an-</span> 
     </span>
     <span class='ocr_line' id='line_1_9' title="bbox 343 1040 1912 1121; baseline 0.001 -19"><span class='ocrx_word' id='word_1_53' title='bbox 343 1067 449 1102; x_wconf 89' lang='lat' dir='ltr'>nos</span> <span class='ocrx_word' id='word_1_54' title='bbox 477 1064 641 1103; x_wconf 88' lang='lat' dir='ltr'>natus</span> <span class='ocrx_word' id='word_1_55' title='bbox 687 1047 910 1104; x_wconf 84' lang='lat' dir='ltr'>circiter</span> <span class='ocrx_word' id='word_1_56' title='bbox 957 1045 1162 1120; x_wconf 85' lang='lat' dir='ltr'>viginti</span> <span class='ocrx_word' id='word_1_57' title='bbox 1210 1066 1331 1121; x_wconf 81' lang='lat' dir='ltr'>quae</span> <span class='ocrx_word' id='word_1_58' title='bbox 1379 1066 1464 1101; x_wconf 84' lang='lat' dir='ltr'>res</span> <span class='ocrx_word' id='word_1_59' title='bbox 1503 1040 1753 1102; x_wconf 83' lang='lat' dir='ltr'>Marium</span> <span class='ocrx_word' id='word_1_60' title='bbox 1782 1066 1912 1103; x_wconf 84' lang='lat' dir='ltr'>cum</span> 
     </span>
     <span class='ocr_line' id='line_1_10' title="bbox 347 1124 1909 1203; baseline -0.001 -20"><span class='ocrx_word' id='word_1_61' title='bbox 347 1147 455 1203; x_wconf 85' lang='lat' dir='ltr'>pro</span> <span class='ocrx_word' id='word_1_62' title='bbox 484 1126 726 1191; x_wconf 85' lang='lat' dir='ltr'>honore,</span> <span class='ocrx_word' id='word_1_63' title='bbox 754 1146 921 1200; x_wconf 86' lang='lat' dir='ltr'>quem</span> <span class='ocrx_word' id='word_1_64' title='bbox 949 1124 1279 1192; x_wconf 70' lang='lat' dir='ltr'>adfeftabat,</span> <span class='ocrx_word' id='word_1_65' title='bbox 1314 1142 1432 1182; x_wconf 90' lang='lat' dir='ltr'>tum</span> <span class='ocrx_word' id='word_1_66' title='bbox 1463 1141 1659 1182; x_wconf 85' lang='lat' dir='ltr'>contra</span> <span class='ocrx_word' id='word_1_67' title='bbox 1703 1126 1909 1183; x_wconf 82' lang='lat' dir='ltr'>Metel-</span> 
     </span>
     <span class='ocr_line' id='line_1_11' title="bbox 348 1204 1909 1282; baseline 0 -20"><span class='ocrx_word' id='word_1_68' title='bbox 348 1210 468 1263; x_wconf 89' lang='lat' dir='ltr'>lum</span> <span class='ocrx_word' id='word_1_69' title='bbox 491 1206 851 1263; x_wconf 82' lang='lat' dir='ltr'>vehementer</span> <span class='ocrx_word' id='word_1_70' title='bbox 879 1204 1223 1261; x_wconf 73' lang='lat' dir='ltr'><strong>accenderat.</strong></span> <span class='ocrx_word' id='word_1_71' title='bbox 1301 1208 1389 1262; x_wconf 88' lang='lat' dir='ltr'>Ita</span> <span class='ocrx_word' id='word_1_72' title='bbox 1416 1206 1709 1281; x_wconf 86' lang='lat' dir='ltr'>cupidine,</span> <span class='ocrx_word' id='word_1_73' title='bbox 1743 1223 1909 1282; x_wconf 89' lang='lat' dir='ltr'>atque</span> 
     </span>
     <span class='ocr_line' id='line_1_12' title="bbox 345 1284 1908 1363; baseline 0.001 -21"><span class='ocrx_word' id='word_1_74' title='bbox 345 1287 448 1354; x_wconf 85' lang='lat' dir='ltr'>ira,</span> <span class='ocrx_word' id='word_1_75' title='bbox 481 1286 744 1363; x_wconf 78' lang='lat' dir='ltr'>pessumis</span> <span class='ocrx_word' id='word_1_76' title='bbox 772 1285 1207 1354; x_wconf 78' lang='lat' dir='ltr'>consultoribus,</span> <span class='ocrx_word' id='word_1_77' title='bbox 1243 1284 1501 1361; x_wconf 83' lang='lat' dir='ltr'>grassari:</span> <span class='ocrx_word' id='word_1_78' title='bbox 1551 1307 1732 1360; x_wconf 86' lang='lat' dir='ltr'>neque</span> <span class='ocrx_word' id='word_1_79' title='bbox 1763 1287 1908 1343; x_wconf 68' lang='lat' dir='ltr'>fafto</span> 
     </span>
     <span class='ocr_line' id='line_1_13' title="bbox 345 1363 1907 1442; baseline -0.001 -19"><span class='ocrx_word' id='word_1_80' title='bbox 345 1369 490 1431; x_wconf 74' lang='lat' dir='ltr'>ulle,</span> <span class='ocrx_word' id='word_1_81' title='bbox 520 1386 703 1442; x_wconf 89' lang='lat' dir='ltr'>neque</span> <span class='ocrx_word' id='word_1_82' title='bbox 730 1364 879 1422; x_wconf 66' lang='lat' dir='ltr'>disto</span> <span class='ocrx_word' id='word_1_83' title='bbox 918 1363 1209 1431; x_wconf 84' lang='lat' dir='ltr'>abstinere,</span> <span class='ocrx_word' id='word_1_84' title='bbox 1241 1365 1397 1440; x_wconf 91' lang='lat' dir='ltr'>quod</span> <span class='ocrx_word' id='word_1_85' title='bbox 1429 1365 1604 1420; x_wconf 87' lang='lat' dir='ltr'>modo</span> <span class='ocrx_word' id='word_1_86' title='bbox 1634 1365 1907 1422; x_wconf 73' lang='lat' dir='ltr'>&#39;ambitio-</span> 
     </span>
     <span class='ocr_line' id='line_1_14' title="bbox 349 1443 1906 1519; baseline -0.001 -17"><span class='ocrx_word' id='word_1_87' title='bbox 349 1446 468 1502; x_wconf 88' lang='lat' dir='ltr'>sum</span> <span class='ocrx_word' id='word_1_88' title='bbox 487 1446 656 1504; x_wconf 82' lang='lat' dir='ltr'>foret:</span> <span class='ocrx_word' id='word_1_89' title='bbox 686 1447 913 1511; x_wconf 81' lang='lat' dir='ltr'>milites,</span> <span class='ocrx_word' id='word_1_90' title='bbox 931 1444 1135 1519; x_wconf 89' lang='lat' dir='ltr'>quibus</span> <span class='ocrx_word' id='word_1_91' title='bbox 1158 1446 1220 1501; x_wconf 84' lang='lat' dir='ltr'>in</span> <span class='ocrx_word' id='word_1_92' title='bbox 1243 1443 1495 1501; x_wconf 88' lang='lat' dir='ltr'>hibernis</span> <span class='ocrx_word' id='word_1_93' title='bbox 1512 1459 1763 1518; x_wconf 78' lang='lat' dir='ltr'>praeerat,</span> <span class='ocrx_word' id='word_1_94' title='bbox 1784 1447 1906 1500; x_wconf 78' lang='lat' dir='ltr'>lax-</span> 
     </span>
     <span class='ocr_line' id='line_1_15' title="bbox 347 1522 1907 1603; baseline -0.001 -21"><span class='ocrx_word' id='word_1_95' title='bbox 347 1527 465 1583; x_wconf 85' lang='lat' dir='ltr'>iore</span> <span class='ocrx_word' id='word_1_96' title='bbox 494 1528 763 1603; x_wconf 86' lang='lat' dir='ltr'>imperio,</span> <span class='ocrx_word' id='word_1_97' title='bbox 794 1543 965 1599; x_wconf 88' lang='lat' dir='ltr'>quam</span> <span class='ocrx_word' id='word_1_98' title='bbox 993 1540 1175 1592; x_wconf 86' lang='lat' dir='ltr'>antea,</span> <span class='ocrx_word' id='word_1_99' title='bbox 1206 1523 1446 1580; x_wconf 84' lang='lat' dir='ltr'>habere:</span> <span class='ocrx_word' id='word_1_100' title='bbox 1493 1522 1648 1598; x_wconf 89' lang='lat' dir='ltr'>apud</span> <span class='ocrx_word' id='word_1_101' title='bbox 1681 1525 1907 1602; x_wconf 87' lang='lat' dir='ltr'>negoti-</span> 
     </span>
     <span class='ocr_line' id='line_1_16' title="bbox 347 1604 1906 1681; baseline -0.003 -18"><span class='ocrx_word' id='word_1_102' title='bbox 347 1622 547 1672; x_wconf 78' lang='lat' dir='ltr'>atoreS,</span> <span class='ocrx_word' id='word_1_103' title='bbox 580 1627 825 1681; x_wconf 70' lang='lat' dir='ltr'>quorum</span> <span class='ocrx_word' id='word_1_104' title='bbox 858 1623 1062 1680; x_wconf 85' lang='lat' dir='ltr'>magna</span> <span class='ocrx_word' id='word_1_105' title='bbox 1082 1604 1395 1661; x_wconf 87' lang='lat' dir='ltr'>multitudo</span> <span class='ocrx_word' id='word_1_106' title='bbox 1425 1604 1600 1660; x_wconf 76' lang='lat' dir='ltr'>Uticae</span> <span class='ocrx_word' id='word_1_107' title='bbox 1625 1621 1761 1670; x_wconf 88' lang='lat' dir='ltr'>erat,</span> <span class='ocrx_word' id='word_1_108' title='bbox 1796 1606 1906 1660; x_wconf 89' lang='lat' dir='ltr'>cri-</span> 
     </span>
     <span class='ocr_line' id='line_1_17' title="bbox 348 1683 1963 1760; baseline -0.002 -17"><span class='ocrx_word' id='word_1_109' title='bbox 348 1687 561 1743; x_wconf 87' lang='lat' dir='ltr'>minose</span> <span class='ocrx_word' id='word_1_110' title='bbox 588 1687 746 1742; x_wconf 75' lang='lat' dir='ltr'>simul</span> <span class='ocrx_word' id='word_1_111' title='bbox 777 1701 830 1740; x_wconf 91' lang='lat' dir='ltr'>et</span> <span class='ocrx_word' id='word_1_112' title='bbox 857 1683 1148 1759; x_wconf 84' lang='lat' dir='ltr'>magnifice</span> <span class='ocrx_word' id='word_1_113' title='bbox 1180 1685 1251 1741; x_wconf 91' lang='lat' dir='ltr'>de</span> <span class='ocrx_word' id='word_1_114' title='bbox 1279 1686 1428 1741; x_wconf 90' lang='lat' dir='ltr'>bello</span> <span class='ocrx_word' id='word_1_115' title='bbox 1456 1685 1649 1758; x_wconf 91' lang='lat' dir='ltr'>loqui:</span> <span class='ocrx_word' id='word_1_116' title='bbox 1695 1686 1909 1742; x_wconf 76' lang='lat' dir='ltr'>dimidia</span> <span class='ocrx_word' id='word_1_117' title='bbox 1960 1755 1963 1760; x_wconf 12' lang='grc' dir='ltr'><strong>ἱ</strong></span> 
     </span>
     <span class='ocr_line' id='line_1_18' title="bbox 338 1763 1906 1844; baseline -0.001 -21"><span class='ocrx_word' id='word_1_118' title='bbox 338 1774 456 1841; x_wconf 72' lang='lat' dir='ltr'>pars</span> <span class='ocrx_word' id='word_1_119' title='bbox 485 1767 723 1822; x_wconf 82' lang='lat' dir='ltr'>exercitus</span> <span class='ocrx_word' id='word_1_120' title='bbox 732 1763 788 1837; x_wconf 79' lang='lat' dir='ltr'><strong><em>fi</em></strong></span> <span class='ocrx_word' id='word_1_121' title='bbox 797 1763 903 1836; x_wconf 79' lang='lat' dir='ltr'>fibi</span> <span class='ocrx_word' id='word_1_122' title='bbox 923 1764 1299 1837; x_wconf 73' lang='lat' dir='ltr'>permitteretur,</span> <span class='ocrx_word' id='word_1_123' title='bbox 1314 1765 1491 1838; x_wconf 70' lang='lat' dir='ltr'>&#39;paucis</span> <span class='ocrx_word' id='word_1_124' title='bbox 1506 1765 1679 1822; x_wconf 66' lang='lat' dir='ltr'>diebus</span> <span class='ocrx_word' id='word_1_125' title='bbox 1696 1767 1906 1844; x_wconf 62' lang='lat' dir='ltr'>fug-ur-</span> 
     </span>
     <span class='ocr_line' id='line_1_19' title="bbox 347 1844 1904 1919; baseline -0.001 -17"><span class='ocrx_word' id='word_1_126' title='bbox 347 1848 549 1902; x_wconf 79' lang='lat' dir='ltr'>thamin</span> <span class='ocrx_word' id='word_1_127' title='bbox 576 1848 758 1902; x_wconf 78' lang='lat' dir='ltr'>catenis</span> <span class='ocrx_word' id='word_1_128' title='bbox 783 1846 1090 1901; x_wconf 74' lang='lat' dir='ltr'>lzabiturum:</span> <span class='ocrx_word' id='word_1_129' title='bbox 1127 1846 1190 1900; x_wconf 83' lang='lat' dir='ltr'>ab</span> <span class='ocrx_word' id='word_1_130' title='bbox 1219 1846 1502 1919; x_wconf 72' lang='lat' dir='ltr'>imperatore</span> <span class='ocrx_word' id='word_1_131' title='bbox 1514 1844 1722 1917; x_wconf 78' lang='lat' dir='ltr'>consulto</span> <span class='ocrx_word' id='word_1_132' title='bbox 1751 1846 1904 1912; x_wconf 73' lang='lat' dir='ltr'>trahi,</span> 
     </span>
     <span class='ocr_line' id='line_1_20' title="bbox 347 1925 2003 2006; baseline -0.002 -23"><span class='ocrx_word' id='word_1_133' title='bbox 347 1929 469 2003; x_wconf 82' lang='lat' dir='ltr'>quod</span> <span class='ocrx_word' id='word_1_134' title='bbox 491 1928 626 1984; x_wconf 74' lang='lat' dir='ltr'>homo</span> <span class='ocrx_word' id='word_1_135' title='bbox 653 1927 838 1988; x_wconf 71' lang='lat' dir='ltr'>inanis,</span> <span class='ocrx_word' id='word_1_136' title='bbox 871 1936 917 1981; x_wconf 79' lang='lat' dir='ltr'>et</span> <span class='ocrx_word' id='word_1_137' title='bbox 942 1925 1366 2000; x_wconf 73' lang='lat' dir='ltr'>regiaesuperhiae,</span> <span class='ocrx_word' id='word_1_138' title='bbox 1400 1927 1599 1995; x_wconf 76' lang='lat' dir='ltr'>imperio</span> <span class='ocrx_word' id='word_1_139' title='bbox 1614 1925 1908 1997; x_wconf 55' lang='lat' dir='ltr'>nimis‘gau-</span> <span class='ocrx_word' id='word_1_140' title='bbox 1981 1997 2003 2006; x_wconf 54' lang='lat'>-</span> 
     </span>
     <span class='ocr_line' id='line_1_21' title="bbox 348 2003 1902 2084; baseline -0.001 -21"><span class='ocrx_word' id='word_1_141' title='bbox 348 2009 500 2064; x_wconf 76' lang='lat' dir='ltr'>deret.</span> <span class='ocrx_word' id='word_1_142' title='bbox 581 2010 737 2084; x_wconf 48' lang='lat' dir='ltr'>(Quat</span> <span class='ocrx_word' id='word_1_143' title='bbox 764 2008 958 2063; x_wconf 62' lang='lat' dir='ltr'>omnia,</span> <span class='ocrx_word' id='word_1_144' title='bbox 1002 2005 1118 2063; x_wconf 84' lang='lat' dir='ltr'>illis</span> <span class='ocrx_word' id='word_1_145' title='bbox 1165 2028 1232 2063; x_wconf 92' lang='lat' dir='ltr'>eo</span> <span class='ocrx_word' id='word_1_146' title='bbox 1262 2003 1902 2071; x_wconf 65' lang='lat' dir='ltr'>firmioravidebantur,</span> 
     </span>
     <span class='ocr_line' id='line_1_22' title="bbox 348 2085 1901 2164; baseline -0.003 -19"><span class='ocrx_word' id='word_1_147' title='bbox 348 2089 504 2164; x_wconf 91' lang='lat' dir='ltr'>quod</span> <span class='ocrx_word' id='word_1_148' title='bbox 526 2088 898 2144; x_wconf 86' lang='lat' dir='ltr'>diuturnitate</span> <span class='ocrx_word' id='word_1_149' title='bbox 921 2085 1054 2143; x_wconf 86' lang='lat' dir='ltr'>belli</span> <span class='ocrx_word' id='word_1_150' title='bbox 1082 2106 1166 2143; x_wconf 88' lang='lat' dir='ltr'>res</span> <span class='ocrx_word' id='word_1_151' title='bbox 1188 2085 1480 2142; x_wconf 73' lang='lat' dir='ltr'>familiaris</span> <span class='ocrx_word' id='word_1_152' title='bbox 1497 2101 1901 2162; x_wconf 71' lang='lat' dir='ltr'>corruperantz</span> 
     </span>
     <span class='ocr_line' id='line_1_23' title="bbox 333 2164 1569 2243; baseline -0.006 -17"><span class='ocrx_word' id='word_1_153' title='bbox 333 2185 402 2227; x_wconf 63' lang='lat' dir='ltr'>:et</span> <span class='ocrx_word' id='word_1_154' title='bbox 429 2169 617 2225; x_wconf 87' lang='lat' dir='ltr'>animo</span> <span class='ocrx_word' id='word_1_155' title='bbox 646 2167 901 2243; x_wconf 87' lang='lat' dir='ltr'>cupienti·</span> <span class='ocrx_word' id='word_1_156' title='bbox 923 2164 1077 2223; x_wconf 84' lang='lat' dir='ltr'>nihil</span> <span class='ocrx_word' id='word_1_157' title='bbox 1105 2165 1569 2222; x_wconf 73' lang='lat' dir='ltr'>satis‘festinatur.</span> 
     </span>
    </p>
   </div>
   <div class='ocr_carea' id='block_1_3' title="bbox 310 2324 1918 3269">
    <p class='ocr_par' dir='ltr' id='par_1_3' title="bbox 310 2324 1918 3269">
     <span class='ocr_line' id='line_1_24' title="bbox 438 2324 1907 2402; baseline -0.001 -17"><span class='ocrx_word' id='word_1_158' title='bbox 438 2330 671 2385; x_wconf 89' lang='lat' dir='ltr'>LXIX.</span> <span class='ocrx_word' id='word_1_159' title='bbox 705 2331 838 2385; x_wconf 85' lang='lat' dir='ltr'>Erat</span> <span class='ocrx_word' id='word_1_160' title='bbox 886 2344 1162 2402; x_wconf 71' lang='lat' dir='ltr'>praeterea</span> <span class='ocrx_word' id='word_1_161' title='bbox 1191 2327 1252 2382; x_wconf 82' lang='lat' dir='ltr'>in</span> <span class='ocrx_word' id='word_1_162' title='bbox 1285 2327 1533 2383; x_wconf 88' lang='lat' dir='ltr'>exercitu</span> <span class='ocrx_word' id='word_1_163' title='bbox 1563 2324 1753 2383; x_wconf 76' lang='lat' dir='ltr'>no‘stro</span> <span class='ocrx_word' id='word_1_164' title='bbox 1780 2327 1907 2391; x_wconf 65' lang='lat' dir='ltr'>Nuss</span> 
     </span>
     <span class='ocr_line' id='line_1_25' title="bbox 351 2407 1906 2484; baseline -0.001 -18"><span class='ocrx_word' id='word_1_165' title='bbox 351 2411 503 2466; x_wconf 86' lang='lat' dir='ltr'>mida</span> <span class='ocrx_word' id='word_1_166' title='bbox 531 2409 788 2484; x_wconf 86' lang='lat' dir='ltr'>quidam,</span> <span class='ocrx_word' id='word_1_167' title='bbox 814 2410 1050 2465; x_wconf 82' lang='lat' dir='ltr'>nomine</span> <span class='ocrx_word' id='word_1_168' title='bbox 1073 2408 1296 2475; x_wconf 82' lang='lat' dir='ltr'>Gauda</span> <span class='ocrx_word' id='word_1_169' title='bbox 1323 2407 1704 2465; x_wconf 79' lang='lat' dir='ltr'>Mastanabilis</span> <span class='ocrx_word' id='word_1_170' title='bbox 1730 2407 1906 2473; x_wconf 85' lang='lat' dir='ltr'>filius,</span> 
     </span>
     <span class='ocr_line' id='line_1_26' title="bbox 310 2488 1909 2564; baseline -0.001 -18"><span class='ocrx_word' id='word_1_171' title='bbox 310 2519 324 2529; x_wconf 78' lang='lat'><em>-</em></span> <span class='ocrx_word' id='word_1_172' title='bbox 349 2488 633 2546; x_wconf 79' lang='lat' dir='ltr'>Mafiniffae</span> <span class='ocrx_word' id='word_1_173' title='bbox 686 2509 885 2563; x_wconf 87' lang='lat' dir='ltr'>nepos,</span> <span class='ocrx_word' id='word_1_174' title='bbox 943 2501 1134 2564; x_wconf 82' lang='lat' dir='ltr'>quem</span> <span class='ocrx_word' id='word_1_175' title='bbox 1151 2488 1391 2563; x_wconf 79' lang='lat' dir='ltr'>Micipsa</span> <span class='ocrx_word' id='word_1_176' title='bbox 1444 2489 1769 2545; x_wconf 84' lang='lat' dir='ltr'>testamento</span> <span class='ocrx_word' id='word_1_177' title='bbox 1826 2488 1909 2545; x_wconf 89' lang='lat' dir='ltr'>se-</span> 
     </span>
     <span class='ocr_line' id='line_1_27' title="bbox 353 2552 1911 2645; baseline -0.004 -17"><span class='ocrx_word' id='word_1_178' title='bbox 353 2571 607 2629; x_wconf 87' lang='lat' dir='ltr'>cundum</span> <span class='ocrx_word' id='word_1_179' title='bbox 629 2567 896 2625; x_wconf 81' lang='lat' dir='ltr'>heredem</span> <span class='ocrx_word' id='word_1_180' title='bbox 923 2568 1230 2645; x_wconf 78' lang='lat' dir='ltr'>scripserat,</span> <span class='ocrx_word' id='word_1_181' title='bbox 1270 2571 1485 2625; x_wconf 85' lang='lat' dir='ltr'>morbis</span> <span class='ocrx_word' id='word_1_182' title='bbox 1516 2552 1823 2634; x_wconf 63' lang='lat' dir='ltr'>confeffur»,</span> <span class='ocrx_word' id='word_1_183' title='bbox 1855 2582 1911 2622; x_wconf 85' lang='lat' dir='ltr'>et</span> 
     </span>
     <span class='ocr_line' id='line_1_28' title="bbox 355 2647 1911 2726; baseline -0.003 -19"><span class='ocrx_word' id='word_1_184' title='bbox 355 2655 430 2708; x_wconf 92' lang='lat' dir='ltr'>ob</span> <span class='ocrx_word' id='word_1_185' title='bbox 457 2670 580 2706; x_wconf 83' lang='lat' dir='ltr'>eam</span> <span class='ocrx_word' id='word_1_186' title='bbox 606 2649 841 2706; x_wconf 69' lang='lat' dir='ltr'>caussam</span> <span class='ocrx_word' id='word_1_187' title='bbox 886 2666 1076 2706; x_wconf 86' lang='lat' dir='ltr'>mente</span> <span class='ocrx_word' id='word_1_188' title='bbox 1120 2651 1378 2726; x_wconf 86' lang='lat' dir='ltr'>paullum</span> <span class='ocrx_word' id='word_1_189' title='bbox 1407 2649 1714 2705; x_wconf 74' lang='lat' dir='ltr'>inminuta.</span> <span class='ocrx_word' id='word_1_190' title='bbox 1721 2653 1727 2659; x_wconf 81' lang='grc'><em>’</em></span> <span class='ocrx_word' id='word_1_191' title='bbox 1795 2647 1911 2703; x_wconf 84' lang='lat' dir='ltr'>Cui</span> 
     </span>
     <span class='ocr_line' id='line_1_29' title="bbox 351 2726 1912 2820; baseline -0.004 -32"><span class='ocrx_word' id='word_1_192' title='bbox 351 2731 614 2788; x_wconf 83' lang='lat' dir='ltr'>Metellus</span> <span class='ocrx_word' id='word_1_193' title='bbox 641 2729 880 2820; x_wconf 68' lang='lat' dir='ltr'>petenti,</span> <span class='ocrx_word' id='word_1_194' title='bbox 933 2749 1090 2786; x_wconf 88' lang='lat' dir='ltr'>more</span> <span class='ocrx_word' id='word_1_195' title='bbox 1140 2748 1338 2806; x_wconf 81' lang='lat' dir='ltr'>regum</span> <span class='ocrx_word' id='word_1_196' title='bbox 1386 2728 1471 2782; x_wconf 83' lang='lat' dir='ltr'>uti</span> <span class='ocrx_word' id='word_1_197' title='bbox 1522 2727 1713 2782; x_wconf 79' lang='lat' dir='ltr'>sellam</span> <span class='ocrx_word' id='word_1_198' title='bbox 1744 2726 1912 2802; x_wconf 84' lang='lat' dir='ltr'>juxta</span> 
     </span>
     <span class='ocr_line' id='line_1_30' title="bbox 351 2806 1908 2887; baseline -0.004 -19"><span class='ocrx_word' id='word_1_199' title='bbox 351 2825 609 2887; x_wconf 86' lang='lat' dir='ltr'>poneret,</span> <span class='ocrx_word' id='word_1_200' title='bbox 644 2810 778 2864; x_wconf 86' lang='lat' dir='ltr'>item</span> <span class='ocrx_word' id='word_1_201' title='bbox 808 2806 995 2883; x_wconf 84' lang='lat' dir='ltr'>postea</span> <span class='ocrx_word' id='word_1_202' title='bbox 1019 2809 1282 2867; x_wconf 66' lang='lat' dir='ltr'>custodiae</span> <span class='ocrx_word' id='word_1_203' title='bbox 1296 2806 1472 2864; x_wconf 74' lang='lat' dir='ltr'>caussa</span> <span class='ocrx_word' id='word_1_204' title='bbox 1492 2822 1733 2863; x_wconf 72' lang='lat' dir='ltr'>turmam</span> <span class='ocrx_word' id='word_1_205' title='bbox 1748 2806 1908 2881; x_wconf 82' lang='lat' dir='ltr'>equi·</span> 
     </span>
     <span class='ocr_line' id='line_1_31' title="bbox 354 2886 1910 2966; baseline -0.004 -18"><span class='ocrx_word' id='word_1_206' title='bbox 354 2907 470 2948; x_wconf 81' lang='lat' dir='ltr'>tum</span> <span class='ocrx_word' id='word_1_207' title='bbox 513 2892 936 2953; x_wconf 79' lang='lat' dir='ltr'>Romanorum,</span> <span class='ocrx_word' id='word_1_208' title='bbox 992 2906 1293 2966; x_wconf 87' lang='lat' dir='ltr'>utrumque</span> <span class='ocrx_word' id='word_1_209' title='bbox 1347 2902 1673 2966; x_wconf 86' lang='lat' dir='ltr'>negaverat·</span> <span class='ocrx_word' id='word_1_210' title='bbox 1723 2886 1910 2943; x_wconf 85' lang='lat' dir='ltr'>hono-</span> 
     </span>
     <span class='ocr_line' id='line_1_32' title="bbox 356 2968 1915 3046; baseline -0.003 -19"><span class='ocrx_word' id='word_1_211' title='bbox 356 2992 499 3039; x_wconf 87' lang='lat' dir='ltr'>rem,</span> <span class='ocrx_word' id='word_1_212' title='bbox 531 2969 686 3046; x_wconf 91' lang='lat' dir='ltr'>quod</span> <span class='ocrx_word' id='word_1_213' title='bbox 718 2988 916 3024; x_wconf 82' lang='lat' dir='ltr'>eorum</span> <span class='ocrx_word' id='word_1_214' title='bbox 948 2969 1122 3026; x_wconf 84' lang='lat' dir='ltr'>modo</span> <span class='ocrx_word' id='word_1_215' title='bbox 1149 2969 1315 3036; x_wconf 82' lang='lat' dir='ltr'>foret,</span> <span class='ocrx_word' id='word_1_216' title='bbox 1334 2989 1475 3044; x_wconf 89' lang='lat' dir='ltr'>quos</span> <span class='ocrx_word' id='word_1_217' title='bbox 1504 2969 1761 3045; x_wconf 85' lang='lat' dir='ltr'>Populus</span> <span class='ocrx_word' id='word_1_218' title='bbox 1791 2968 1915 3023; x_wconf 92' lang='lat' dir='ltr'>Ro-</span> 
     </span>
     <span class='ocr_line' id='line_1_33' title="bbox 354 3046 1915 3141; baseline -0.003 -34"><span class='ocrx_word' id='word_1_219' title='bbox 354 3071 551 3108; x_wconf 82' lang='lat' dir='ltr'>manus</span> <span class='ocrx_word' id='word_1_220' title='bbox 579 3069 732 3126; x_wconf 86' lang='lat' dir='ltr'>reges</span> <span class='ocrx_word' id='word_1_221' title='bbox 757 3049 1176 3123; x_wconf 74' lang='lat' dir='ltr'>adpellaviffet:</span> <span class='ocrx_word' id='word_1_222' title='bbox 1226 3049 1566 3141; x_wconf 70' lang='lat' dir='ltr'>praesidium,</span> <span class='ocrx_word' id='word_1_223' title='bbox 1592 3046 1748 3123; x_wconf 90' lang='lat' dir='ltr'>quod</span> <span class='ocrx_word' id='word_1_224' title='bbox 1777 3067 1915 3103; x_wconf 87' lang='lat' dir='ltr'>con—</span> 
     </span>
     <span class='ocr_line' id='line_1_34' title="bbox 358 3126 1917 3204; baseline -0.002 -18"><span class='ocrx_word' id='word_1_225' title='bbox 358 3130 714 3188; x_wconf 84' lang='lat' dir='ltr'>tumeliosum</span> <span class='ocrx_word' id='word_1_226' title='bbox 763 3130 827 3184; x_wconf 87' lang='lat' dir='ltr'>in</span> <span class='ocrx_word' id='word_1_227' title='bbox 877 3148 970 3187; x_wconf 88' lang='lat' dir='ltr'>eos</span> <span class='ocrx_word' id='word_1_228' title='bbox 1015 3129 1184 3197; x_wconf 84' lang='lat' dir='ltr'>foret,</span> <span class='ocrx_word' id='word_1_229' title='bbox 1221 3132 1254 3186; x_wconf 83' lang='lat' dir='ltr'>fi</span> <span class='ocrx_word' id='word_1_230' title='bbox 1285 3133 1496 3204; x_wconf 87' lang='lat' dir='ltr'>equites</span> <span class='ocrx_word' id='word_1_231' title='bbox 1529 3130 1801 3193; x_wconf 88' lang='lat' dir='ltr'>Romani,</span> <span class='ocrx_word' id='word_1_232' title='bbox 1836 3126 1917 3183; x_wconf 82' lang='lat' dir='ltr'>sa·</span> 
     </span>
     <span class='ocr_line' id='line_1_35' title="bbox 358 3209 1918 3269; baseline -0.005 -1"><span class='ocrx_word' id='word_1_233' title='bbox 358 3213 558 3268; x_wconf 85' lang='lat' dir='ltr'>tellites</span> <span class='ocrx_word' id='word_1_234' title='bbox 585 3209 856 3266; x_wconf 71' lang='lat' dir='ltr'>Numidae</span> <span class='ocrx_word' id='word_1_235' title='bbox 885 3210 1259 3268; x_wconf 81' lang='lat' dir='ltr'>traderentur.</span> <span class='ocrx_word' id='word_1_236' title='bbox 1328 3212 1501 3269; x_wconf 77' lang='lat' dir='ltr'>Hunc</span> <span class='ocrx_word' id='word_1_237' title='bbox 1529 3209 1747 3266; x_wconf 85' lang='lat' dir='ltr'>Marius</span> <span class='ocrx_word' id='word_1_238' title='bbox 1776 3225 1918 3262; x_wconf 75' lang='lat' dir='ltr'>anx-</span> 
     </span>
    </p>
   </div>
   <div class='ocr_carea' id='block_1_4' title="bbox 355 3285 1926 3421">
    <p class='ocr_par' dir='ltr' id='par_1_4' title="bbox 355 3285 1926 3421">
     <span class='ocr_line' id='line_1_36' title="bbox 355 3285 1918 3367; baseline -0.006 -17"><span class='ocrx_word' id='word_1_239' title='bbox 355 3294 478 3351; x_wconf 85' lang='lat' dir='ltr'>ium</span> <span class='ocrx_word' id='word_1_240' title='bbox 506 3292 573 3349; x_wconf 82' lang='lat' dir='ltr'>ad</span> <span class='ocrx_word' id='word_1_241' title='bbox 584 3289 1040 3367; x_wconf 66' lang='lat' dir='ltr'>greditur,atque</span> <span class='ocrx_word' id='word_1_242' title='bbox 1055 3285 1337 3357; x_wconf 82' lang='lat' dir='ltr'>hortatur,</span> <span class='ocrx_word' id='word_1_243' title='bbox 1364 3304 1426 3346; x_wconf 89' lang='lat' dir='ltr'>ut</span> <span class='ocrx_word' id='word_1_244' title='bbox 1448 3286 1918 3348; x_wconf 81' lang='lat' dir='ltr'>contumeliarum</span> 
     </span>
     <span class='ocr_line' id='line_1_37' title="bbox 1861 3364 1926 3421; baseline -0.015 0"><span class='ocrx_word' id='word_1_245' title='bbox 1861 3364 1926 3421; x_wconf 86' lang='lat' dir='ltr'>in</span> 
     </span>
    </p>
   </div>
  </div>
 </body>
</html>
