2387 4040
31 3027 222 3124 ιτα,

636 380 1037 449 LIBER
1092 377 1222 446 III
1292 377 1620 445 CAer.
1763 398 1894 468 ²23

340 507 596 581 gentium
621 507 986 582 locorumque
1013 521 1234 561 natura.
1295 504 1597 579 Aquitani,
1625 502 1898 559 callidum

344 604 543 658 geum,
576 587 636 642 in
667 585 956 661 speluncas
986 587 1035 640 se
1065 585 1440 660 recipiebant:
1478 580 1631 659 juffit
1650 581 1892 639 inclu'di.

347 666 566 721 Morini
594 666 1021 721 dilabebantur
1007 686 1068 721 ιιι
1092 665 1281 719 filvas:
1302 663 1456 737 juffit
1473 661 1727 719 incendi.
1781 662 1899 718 Ne·

345 763 439 799 mo
456 759 671 801 tantum
693 742 900 801 feroces
921 744 1128 799 dixerit
1142 742 1370 799 Gallos:
1392 741 1679 797 fraudibus
1698 757 1894 817 agunt.

345 823 780 880 Induciomarus
838 824 1125 886 Treviros,
1210 822 1518 877 Ambiorix
1572 821 1899 877 convocavit

346 903 666 959 Eburones.
712 903 975 975 Utrique,
1006 901 1226 957 absente
1269 900 1479 956 Caesare
1504 898 1898 974 conjuratione

344 981 505 1046 facta,
539 983 798 1037 invenere
825 982 1055 1058 legatos,
1143 979 1253 1036 Sed
1288 979 1385 1034 ille
1413 978 1630 1034 fortiter
1658 998 1688 1031 a
1719 978 1897 1033 Dola-

345 1062 495 1118 bella
524 1060 828 1116 smnmotus
856 1061 951 1121 est
967 1062 1312 1133 relatumque
1339 1060 1483 1135 regis
1510 1070 1698 1130 caput.
1761 1057 1897 1123 Hic.

346 1140 603 1198 insidiis
589 1160 650 1195 ιιι
674 1140 817 1196 valle
847 1139 1144 1212 dispolim,
1184 1138 1324 1193 dolo
1364 1137 1630 1212 perculit.
1702 1139 1899 1211 Itaque

347 1235 402 1277 et
428 1220 595 1277 castra
621 1217 839 1292 direpta
861 1219 1010 1283 sunt,
1041 1233 1096 1274 et
1121 1238 1320 1273 aurum
1349 1215 1617 1274 ablatum.
1666 1215 1900 1275 Cottam

346 1319 473 1359 cum
499 1298 728 1354 Titurio
752 1298 959 1353 Sabino
988 1299 1169 1372 legato
1193 1298 1275 1352 ibi
1302 1296 1600 1355 amisimus.
1671 1296 1791 1352 Nec
1809 1298 1899 1353 ul-

347 1380 402 1433 la
443 1377 513 1433 de
533 1397 664 1453 rege
693 1394 827 1433 mox
881 1376 1045 1433 ultio.
1157 1376 1393 1454 Quippe
1425 1388 1697 1449 perpetua
1748 1389 1899 1432 trans

348 1457 619 1513 Rhenum
652 1456 782 1532 fuga
811 1456 992 1511 latuit.
1039 1458 1158 1513 Nec
1175 1453 1411 1513 Rhenus
1439 1472 1572 1528 ergo
1597 1452 1895 1510 immunis·

348 1538 466 1592 Nec
496 1537 645 1593 enim
678 1535 756 1591 fas
780 1549 917 1599 erat,
956 1549 1018 1591 ut
1062 1537 1207 1599 liber
1235 1532 1363 1589 effet
1386 1545 1697 1607 receptator
1727 1532 1899 1589 hosti-

344 1637 445 1673 um
473 1631 636 1689 atque
663 1614 943 1672 defensor.
1013 1614 1119 1671 Sed
1151 1615 1334 1689 prima
1362 1626 1555 1669 contra
1583 1612 1900 1670 Germanos

345 1695 502 1752 illius
531 1713 745 1770 pugna,
770 1693 1072 1769 justiffimis
1092 1694 1320 1769 quidem
1342 1713 1410 1749 ex
1438 1691 1624 1748 causis.
1694 1692 1901 1751 Haedui

347 1773 419 1828 de
445 1773 850 1831 incursionibus
878 1790 1071 1829 eorum
1100 1776 1495 1848 querebantur.
1544 1774 1692 1847 Qua:
1724 1773 1900 1830 Ario-

345 1852 467 1908 visti
495 1852 793 1925 superbia?
825 1855 1024 1927 Quum
1052 1853 1218 1928 legati
1246 1852 1520 1918 dicerent,
1555 1852 1673 1909 Veni
1701 1855 1768 1907 ad
1790 1853 1903 1907 Cae-

325 1929 536 2005 sarem:
589 1932 730 2007 Quis
773 1928 836 2003 {st
881 1941 1040 1986 aulem
1072 1924 1274 2005 Caesar?
1317 1945 1392 1995 et,
1428 1931 1488 1984 Si
1517 1933 1643 1997 vult,
1703 1934 1895 1997 veniat,

347 2012 560 2126 inquit.
609 2013 700 2077 Et,
737 2011 867 2087 Quid
904 2012 970 2065 ad
1008 2011 1167 2077 illum,
1200 2011 1317 2085 quid
1354 2020 1474 2083 agat
1498 2007 1653 2084 nostra
1685 2010 1899 2068 Germa·

345 2084 481 2148 nia?
505 2111 620 2145 num
647 2110 736 2163 ego
765 2110 840 2145 me
871 2093 1114 2164 interpono
1153 2083 1427 2148 Romanis?
1492 2093 1686 2165 ltaque
1714 2107 1899 2148 tantus

351 2171 537 2247 gentis
558 2191 712 2227 novae
738 2186 913 2226 terror
940 2172 1000 2225 in
1028 2169 1233 2234 castris»,
1268 2184 1331 2223 ut
1358 2168 1676 2226 testamenta
1704 2172 1900 2246 paffim
1986 2225 1995 2230 -

351 2251 518 2306 etiam
549 2250 613 2306 in
640 2249 934 2325 principiis
962 2249 1353 2305 scriberentur.
1439 2247 1547 2304 Sed
1573 2249 1712 2304 illa
1698 2271 1900 2308 unma-

350 2331 448 2385 nia
478 2348 736 2403 corpora,
771 2349 884 2403 quo
910 2343 1066 2400 erant
1100 2328 1333 2402 majora,
1380 2346 1449 2382 eo
1478 2329 1653 2404 magis
1697 2330 1903 2406 gladiis

351 2410 613 2482 ferroque
644 2424 968 2482 patuerunt.
1035 2407 1156 2482 Qui
1184 2408 1374 2463 calor
1360 2427 1423 2463 ιιι
1449 2409 1761 2483 praeliando
1788 2413 1900 2468 mi-

349 2490 517 2544 litum
539 2487 727 2553 fuerit,
785 2487 947 2543 nullo
992 2486 1166 2560 magis
1209 2477 1453 2560 exprimi
1481 2488 1679 2562 potest,
1731 2509 1903 2562 quam

348 2567 528 2641 quod,
562 2567 713 2622 elatis
742 2566 902 2641 super
925 2580 1090 2639 caput
1129 2565 1316 2631 scutis,
1347 2586 1525 2640 quum
1549 2568 1599 2622 se
1628 2569 1902 2624 testudine

350 2648 616 2702 barbarus
642 2661 869 2720 tegeret,
926 2647 1091 2718 super
1134 2645 1252 2719 ipsa
1299 2646 1545 2702 Romani
1573 2647 1720 2703 scuta
1747 2647 1902 2703 salie-

351 2741 521 2781 runt:
570 2740 623 2779 et
661 2724 796 2780 inde
825 2726 887 2779 in
935 2725 1161 2800 jugulos
1217 2724 1417 2800 gladiis
1466 2723 1901 2784 descendebant.

350 2807 564 2860 Iterum
591 2805 662 2859 de
690 2804 806 2860 Ger
901 2824 977 2859 no
1013 2804 1068 2857 Γ
1070 2804 1275 2859 ειιξὶειι
1304 2805 1702 2877 querebantur.
1790 2807 1904 2863 Hic

347 2904 483 2942 vero
503 2886 624 2959 jam
638 2883 791 2940 Caesa
887 2883 997 2938 ltro
1022 2883 1301 2946 Mosulam
1317 2885 1500 2940 navali
1528 2899 1705 2960 ponte
1731 2888 1906 2945 trans-

352 2963 626 3040 greditur,
658 2963 950 3038 ipsumque
995 2963 1298 3018 Rhenum.
1345 2979 1398 3019 et
1446 2933 1536 3020 Εἷς
1508 2967 1745 3041 ercyniis
1774 2967 1903 3024 hos·

356 3061 469 3099 tem
498 3045 695 3122 quaerit
723 3042 796 3096 in
787 3042 984 3104 filvis;
1035 3041 1168 3096 sed
1154 3061 1215 3096 ιιι
1256 3043 1422 3099 saltus
1448 3060 1504 3100 et
1544 3045 1777 3120 paludes
1806 3068 1903 3122 ge-

351 3141 458 3177 nus
486 3140 655 3176 omne
696 3119 1015 3195 diffugerat.
1061 3121 1358 3176 Tantum
1410 3126 1632 3199 pavoris
1686 3125 1906 3182 incuffit

351 3203 500 3257 intra
533 3203 714 3275 ripam
742 3200 926 3256 subito
956 3202 1217 3255 Romana
1246 3204 1352 3257 vis.
1401 3205 1519 3259 Nec
1553 3204 1717 3262 semel
1745 3204 1907 3262 Rhe·-

253 3313 268 3320 -
354 3297 483 3346 nus,
499 3279 632 3335 sed
616 3292 821 3338 iterum
836 3298 1083 3355 quoque,
1110 3293 1163 3336 et
1180 3280 1409 3372 quidem
1422 3297 1597 3357 ponte
1618 3282 1784 3345 ιἰιξὶο,
1804 3303 1905 3357 pe-

1663 3377 1913 3421 netratuss
