2387 4040
604 331 1011 433 IIBER
1093 362 1186 433 11
1277 363 1655 435 cstvl.
1830 366 1956 454 185

357 490 527 565 ννίἑέει
557 491 810 568 Hispana
857 492 1169 570 Carthago.
1258 493 1497 551 Certum
1524 492 1597 551 est
1649 508 1858 558 tamen,
1894 490 1967 547 ad

275 578 292 585 ‘
386 572 810 648 profligandam
858 574 1210 647 provinciam
1239 576 1482 631 maxime
1536 569 1823 650 profecisse
1856 571 1961 627 fin-

382 652 635 727 gularem
674 654 847 711 Ducis
876 652 1247 711 sanffltatem:
1300 653 1514 729 quippe
1559 654 1657 730 qui
1710 651 1960 727 captivos

378 732 932 808 pueros·puellasque
959 734 1239 807 praecipue
1268 733 1669 808 pulcritudinis
1699 732 1957 789 Bai-baris

377 811 699 878 restituerit,
733 833 804 869 ne
833 814 895 871 in
921 812 1278 887 conspeRum
1304 812 1537 887 quidem
1590 814 1751 869 suum
1779 809 1957 887 passus

376 890 610 957 adduci,
640 911 711 949 ne
732 892 873 966 quid
900 893 970 951 de
996 893 1330 968 virginitatis
1353 893 1672 969 integritate
1692 889 1956 948 delibaffe

289 988 308 1003 ⁸
373 972 466 1035 vel
490 972 669 1029 oculiss
693 972 998 1029 videretur.
1087 973 1222 1029 Haec
1252 974 1399 1029 inter
1426 973 1645 1029 diversa
1686 988 1956 1028 terrarum

263 1126 274 1130 ὁ
371 1049 632 1126 Populus
661 1053 992 1111 Romanus:
1028 1073 1127 1108 nec
1159 1053 1289 1110 ideo
1318 1070 1504 1109 tamen
1536 1053 1709 1109 Italia³
1730 1050 1950 1109 visceri-

369 1130 476 1191 bus
503 1130 874 1191 inhaerentem
926 1130 1272 1190 summovere
1327 1149 1547 1208 poterat
1574 1131 1942 1201 Annibalem.

371 1209 649 1286 Pleraque
677 1211 748 1269 ad
800 1209 1014 1269 hostem
1043 1211 1395 1278 defecerant3
1459 1228 1512 1269 et
1540 1214 1674 1270 Dux
1725 1211 1953 1269 accerri-

371 1309 524 1355 mus,
551 1306 746 1349 contra
767 1293 1082 1360 Romanos,
1112 1293 1323 1350 Italicis
1346 1313 1573 1369 quoque
1592 1292 1803 1350 viribus
1828 1305 1951 1348 ute-

373 1369 561 1431 batur.
641 1372 772 1443 Jam
806 1386 986 1428 tamen
1031 1393 1158 1429 eum
1188 1372 1468 1448 plerisque
1519 1372 1754 1447 oppidis
1781 1385 1836 1425 et
1862 1390 1949 1425 re-

373 1449 640 1525 gionibus
664 1450 1083 1511 exculseramus.
1143 1454 1424 1510 Tarentus
1449 1452 1520 1507 ad
1549 1472 1651 1507 nos
1683 1450 1942 1506 redierat:

359 1531 485 1605 jam
537 1546 591 1586 et
622 1531 845 1606 Capua
877 1532 1051 1598 sedes,
1113 1549 1168 1589 et
1193 1533 1420 1596 domuS,
1469 1547 1523 1586 et
1571 1531 1751 1606 patria
1776 1530 1949 1585 altera

368 1609 703 1676 Annibali5‚
738 1614 1062 1671 tenebatur:
1096 1615 1249 1689 cujus
1278 1611 1487 1668 amiffio
1523 1626 1738 1667 tantum
1766 1610 1941 1679 Poeno

369 1689 518 1747 Duci
547 1681 806 1749 dolorem
831 1692 1016 1758 dedit
1051 1709 1114 1750 ut
1140 1694 1239 1749 ille
1299 1693 1429 1747 totis
1457 1692 1664 1748 viribus
1695 1672 1942 1751 Romam

369 1787 812 1833 converteiQetur
902 1773 959 1835 Ο
992 1772 1280 1848 Populum
1310 1760 1563 1849 dignum
1595 1772 1768 1828 Orbis
1819 1772 1939 1828 Im-

368 1852 565 1925 perio!
605 1851 844 1928 dignum
871 1851 1080 1918 favore,
1135 1870 1189 1909 et
1217 1853 1590 1911 admiratione
1621 1851 1938 1909 Hominum

367 1950 428 1989 ae
450 1932 741 1989 Deorum!
779 1932 1123 2007 Compulsus
1153 1934 1224 1988 ad
1255 1934 1485 1991 ultimos
1515 1946 1717 1997 metus,
1751 1931 1861 1986 ab
1848 1951 1937 1986 m-

361 2027 531 2085 cepto
562 2033 681 2072 non
709 2012 951 2080 destitit:
985 2030 1040 2070 et
1090 2013 1160 2074 de
1187 2015 1283 2072 sua
1310 2014 1467 2072 Urbe
1495 2011 1787 2077 sollicitus,
1823 2010 1937 2067 Ca·

363 2110 540 2166 puam
569 2108 757 2152 tamen
788 2113 907 2152 non
937 2095 1150 2160 omifit3
1212 2095 1306 2154 sed
1335 2110 1493 2169 parte
1536 2093 1807 2150 exercitus
1834 2089 1934 2150 sub

363 2171 573 2248 Appio
622 2173 872 2231 Consule
901 2173 1107 2241 relista,
1163 2191 1321 2248 parte
1349 2176 1608 2232 Flaccum
1648 2173 1709 2230 in
1739 2171 1936 2232 urbem

365 2251 616 2327 sequuta,
639 2254 831 2312 absens
848 2255 1029 2319 fimul,
1061 2254 1402 2329 praesensque
1418 2253 1729 2328 pugnabat.
1765 2251 1931 2327 Quid

361 2352 497 2407 ergo
525 2333 820 2401 miramur,
855 2335 1105 2394 moventi
1136 2334 1305 2390 castra
1331 2355 1363 2389 a
1389 2334 1552 2388 tertio
1580 2331 1770 2408 lapide
1797 2334 1930 2390 An-

271 2472 280 2478 ,
355 2413 563 2479 nibali,
596 2415 801 2470 iterum
828 2414 976 2489 ipsos
1001 2415 1179 2481 Deos,
1209 2412 1401 2488 (De08‚
1429 2413 1684 2487 inquam,
1715 2433 1818 2470 nec
1846 2412 1928 2470 fa·-

360 2493 461 2550 teri
513 2481 769 2568 pudebit)
800 2494 1073 2554 restitisse.
1060 2494 1088 2533 ἶ)
1142 2496 1330 2554 Tanta
1379 2495 1529 2550 enim
1559 2492 1630 2550 ad
1681 2493 1925 2570 fingulos

351 2572 510 2631 illius
537 2588 723 2630 motus
771 2576 852 2630 vis
882 2576 1154 2634 imbrium
1203 2573 1392 2639 effusa,
1429 2587 1579 2631 tanta
1630 2589 1927 2632 ventorum

353 2652 628 2710 violentia
652 2670 844 2727 coorta
891 2655 986 2720 est,
1005 2670 1082 2712 vt
1132 2655 1404 2714 divinitus
1434 2653 1646 2709 hostem
1673 2647 1923 2708 summo-

350 2733 495 2799 veri,
548 2754 652 2790 nec
679 2736 841 2800 coe10‚
874 2734 968 2791 sed
1011 2736 1079 2792 ab
1109 2736 1284 2794 Urbis
1311 2733 1476 2808 ipsius
1524 2732 1841 2802 moenibus..
1868 2747 1925 2788 et

356 2810 675 2904 Capitolio,
707 2777 842 2872 ferri
868 2813 1174 2874 videretur.
1241 2817 1436 2887 Itaque
1465 2811 1629 2889 fugit,
1666 2826 1718 2867 et
1750 2811 1917 2879 ceffit„

351 2907 408 2948 et
435 2894 496 2952 in
524 2894 792 2951 ultimum
819 2893 870 2950 se
897 2894 1069 2952 ltaliae
1105 2897 1316 2969 recepit
1347 2894 1548 2960 finum.
1582 2913 1757 2968 quum
1808 2893 1926 2950 Ur-

353 2973 482 3029 bem
513 2989 731 3032 tantum
762 2994 882 3030 non
902 2974 1191 3068 adoratam
1220 2972 1544 3049 reliquisset.
1633 2975 1808 3032 Parva
1836 2995 1919 3031 res

351 3052 529 3121 dista,
586 3054 678 3111 sed
706 3054 777 3111 ad
830 3056 1353 3130 magnanimitatem
1403 3056 1614 3129 Populi
1667 3055 1917 3112 Romani
1982 3065 1991 3072 ’

348 3135 704 3209 probandam
751 3135 876 3190 satis
902 3134 1124 3192 efficax:
1187 3133 1341 3210 quod
1373 3135 1485 3192 illis
1530 3131 1677 3209 ipfis',
1711 3136 1914 3208 quibus

345 3214 723 3283 obsidebatur,
769 3215 967 3271 diebus
1016 3237 1166 3292 ager,
1203 3220 1369 3290 quem
1420 3214 1681 3276 Annibal
1732 3214 1914 3270 castris

348 3293 651 3364 insederat,
702 3296 914 3354 venalis
958 3298 1155 3353 Romae
1185 3295 1317 3362 fuit,
1353 3293 1621 3370 hastaeque
1649 3292 1916 3372 subjeftus

1067 3379 1122 3455 Q
1150 3393 1184 3452 3
1697 3373 1914 3437 invenit
