2387 4040
1 294 23 450 f

12 3377 20 3452 .-„-
12 3349 14 3366 -
12 3329 14 3338 -

224 422 248 433 -
401 340 408 345 ’
471 434 488 451 ,
554 369 1048 443 BELLUM
1087 365 1689 467 JUGURTH.
1770 393 1901 460 133

346 502 673 565 adfuerant,
723 500 1053 577 postremam
1097 502 1485 557 Romanomm
1520 498 1695 567 aciem
1742 500 1902 559 iuva-

233 620 248 633 -
332 582 510 640 dunt.
594 580 748 637 Tum
774 580 990 636 Marius
1029 580 1180 655 apud
1211 582 1444 655 primos,
1466 596 1605 646 erat,
1635 579 1789 653 quod
1818 583 1903 640 ibi

323 660 620 739 jugurtha
646 677 772 717 cum
811 660 1071 733 plurimis
1098 659 1356 715 instabat.
1443 659 1594 715 Dein
1624 659 1899 729 Numida,

338 742 578 819 cognito
609 736 818 795 Bocchi
848 737 1116 804 adventu,
1147 740 1290 795 clam
1332 754 1458 794 cum
1482 740 1675 814 paucis
1702 738 1773 795 ad
1800 762 1905 815 pe·
1948 811 1955 818 ἱ

337 820 488 877 dites
517 817 796 875 convertit
813 838 830 872 ι
862 819 944 874 ibi
965 819 1187 883 Latine,
1214 838 1343 874 nam
1361 816 1513 892 apud
1540 820 1909 875 Numantiam

333 901 498 975 loqui
527 897 824 962 didicerat,
857 900 1158 954 exclamat:
1198 892 1613 970 Nrfirossrrstra
1641 903 1905 977 pugnare:

328 976 496 1052 paullo
525 987 638 1033 ante
663 976 892 1031 Marium
897 976 1002 1049 sua
1032 996 1182 1031 manu
1209 973 1515 1049 inter-fedum
1531 1000 1550 1039 ‚-
1599 976 1755 1031 fimul
1783 980 1903 1053 gla-

337 1058 500 1114 dium
526 1056 794 1135 sanguine
845 1055 1088 1112 oblitum
1115 1056 1423 1122 ostendere,
1458 1076 1625 1131 quem
1666 1056 1729 1112 in
1756 1076 1904 1134 pug-

337 1158 436 1203 na,
467 1137 595 1192 satia
622 1136 850 1212 inpigre
888 1136 1070 1192 occiso
1095 1136 1287 1211 pedite
1336 1135 1547 1201 nostr0‚
1572 1151 1903 1193 cruentave-

339 1232 448 1273 rat.
538 1213 716 1295 Quod
741 1215 839 1271 ubi
865 1215 1072 1272 milites
1098 1235 1381 1291 accepere,
1412 1217 1589 1291 magis
1617 1217 1905 1272 atrocitate

340 1297 448 1363 rei,
477 1315 644 1370 quam
666 1294 778 1350 fide
800 1295 1020 1361 nuncii,
1050 1310 1357 1351 terrenturt
1394 1294 1660 1370 fimulque
1685 1292 1909 1352 barbari

341 1378 570 1431 animos
597 1373 815 1443 tollese,
867 1389 922 1429 et
960 1374 1024 1428 in
1075 1374 1359 1449 perculsos
1402 1374 1695 1429 Romanos
1722 1375 1905 1431 acrius
1951 1376 1957 1383 ’

349 1454 634 1511 incedere.
680 1454 924 1528 Jamque
965 1455 1225 1528 paullum
1267 1474 1297 1508 a
1322 1454 1459 1529 fuga
1499 1456 1747 1519 aberant,
1780 1474 1910 1509 cum

347 1534 530 1599 Sulla,
549 1532 863 1609 profligatis
888 1532 979 1598 iis,
998 1553 1140 1608 quos
1164 1532 1465 1589 advorsum
1493 1534 1653 1600 ierat,
1687 1532 1913 1589 rediens

351 1614 423 1669 ab
451 1614 622 1670 latere
653 1613 871 1670 Mauris
909 1614 1171 1669 incurrit.
1263 1612 1521 1669 Bocchus
1550 1612 1729 1668 statim
1757 1633 1914 1669 aver-

284 1768 290 1774 ,
357 1695 521 1751 titur.
577 1693 666 1749 At
679 1691 996 1768 jugurtha,
1014 1693 1153 1749 dum
1165 1692 1463 1750 sustentare
1488 1694 1638 1759 suos,
1655 1707 1711 1748 et
1736 1713 1920 1768 prope

341 1778 468 1853 jam
499 1769 764 1848 adeptam
788 1771 1077 1829 victoriam
1103 1774 1344 1829 retinere
1371 1773 1551 1849 cupit,
1568 1771 1918 1829 circumven-

358 1870 445 1911 tus
473 1852 542 1906 ab
583 1852 865 1927 equitibus
906 1852 1104 1909 dextra
1142 1852 1370 1922 sinistra,
1413 1854 1677 1909 omnibus
1705 1854 1915 1917 occisis,

352 1934 504 1989 solus
534 1934 684 1990 inter
717 1934 824 1987 tela
849 1930 1097 1990 hostium
1121 1933 1463 1989 vitabundus
1489 1932 1758 2006 erumpit.
1808 1936 1919 1988 At-

350 2034 462 2089 que
488 2013 716 2070 interim
765 2010 1003 2081 Marius,
1067 2014 1274 2091 fugatis
1302 2012 1607 2088 equitibus,
1663 2009 1915 2067 adcurrit

341 2092 567 2150 auxilio
593 2094 728 2161 suis,
759 2112 901 2168 quos
930 2095 1069 2171 pelli
1104 2097 1227 2170 jam
1262 2106 1567 2170 acceperat.
1606 2147 1611 2156 ,
1652 2090 1915 2167 Denique

349 2171 536 2231 hostes
564 2175 676 2250 jam
700 2173 955 2246 undique
981 2174 1110 2232 fufi.

995 2292 1036 2322 d

421 2324 680 2391 CVIII.
731 2333 889 2394 Tum
915 2333 1285 2411 spectaculum
1313 2333 1586 2394 horribile
1610 2333 1670 2390 in
1698 2331 1910 2408 campis

355 2414 714 2489 patentibus;
766 2413 941 2488 sequi,
1002 2415 1229 2492 fugere3
1278 2415 1511 2482 occidi‚·
1541 2415 1701 2491 capi3
1752 2412 1907 2488 equi,

355 2507 524 2568 atque
567 2493 676 2550 viri
702 2493 942 2550 adflicti:
990 2517 1050 2552 ac
1072 2496 1262 2562 multi,
1293 2497 1619 2553 vulneribus
1647 2495 1909 2568 acceptis,

356 2592 538 2648 neque
567 2571 759 2649 fugere
772 2573 948 2648 poffe,
973 2595 1155 2649 neque
1175 2578 1423 2650 quietem
1448 2577 1599 2651 pati3
1648 2576 1757 2630 niti
1786 2592 1911 2628 mo-

354 2651 458 2718 do,
487 2673 566 2707 .ac
597 2653 776 2710 statim
830 2655 1161 2712 concideret
1212 2655 1493 2731 postremo
1547 2656 1761 2719 omnia,
1798 2672 1913 2727 qua.

353 2732 498 2788 visus
524 2749 661 2798 erat,
707 2731 977 2791 constrata
1003 2736 1146 2800 telis,
1185 2734 1804 2803 armis,·cadave1ibus;
1855 2745 1912 2786 et

352 2812 503 2867 inter
539 2833 602 2866 ea
654 2811 860 2870 humus
914 2813 1114 2870 infesta
1169 2815 1462 2892 sanguiue.
1554 2815 1744 2870 Postea
1798 2813 1908 2868 loci
1952 2811 1957 2815 ’

357 2891 601 2958 Consul,
633 2891 788 2949 haud
816 2892 986 2950 dubie
1007 2896 1128 2970 jam
1168 2895 1369 2963 vidior,
1415 2896 1669 2971 pervenit
1712 2895 1773 2950 in
1800 2911 1909 2968 op·

357 2967 565 3046 p'idum
595 2973 840 3040 Cirtam,
887 2991 1004 3048 quo
1032 2972 1197 3031 initio
1237 2975 1516 3050 profectus
1563 2973 1908 3031 intenderat.

355 3053 441 3108 Eo
469 3052 592 3127 post
621 3051 772 3108 diem
785 3053 1096 3127 quinstum‚
1126 3076 1294 3130 quam
1320 3056 1522 3112 iterum
1549 3056 1739 3113 babari
1765 3054 1916 3109 male

357 3149 770 3207 pugnaverant,
801 3133 967 3210 legati
987 3153 1018 3188 a
1045 3134 1273 3192 Boccho
1311 3136 1585 3202 veniunt3
1633 3136 1733 3211 qui
1763 3133 1911 3212 re'gis

355 3211 540 3266 verbis
588 3214 658 3268 ab
696 3213 883 3267 Mario
914 3213 1199 3288 petivere,.
1232 3217 1347 3270 duos
1390 3213 1820 3293 quamfidg'ffumos
1845 3213 1914 3268 ad

341 3307 454 3347 eum
477 3292 726 3349 mitteret:
767 3293 889 3404 zelle
915 3293 1103 3368 desua,
1135 3305 1180 3351 ee
1213 3297 1274 3352 de
1316 3296 1486 3369 Populi
1528 3297 1737 3352 Romani
1774 3311 1904 3347 com-

1009 3375 1076 3429 M
1781 3374 1915 3429 modo
