2387 4040
385 423 392 430 .
478 385 616 455 ¹30
670 363 741 433 C.
797 356 1210 434 CRISPI
1265 353 1912 431 SALLUSTII

476 503 652 571 equ'os
672 492 984 561 escendere,
1014 491 1243 550 obviam
1267 491 1347 549 ir‘e
1393 490 1675 550 hostibus:
1723 513 1917 570 pugna
1944 491 2033 547 Ia-

479 575 728 636 trocinio
755 575 954 650 magis,
1009 592 1179 648 quam
1226 574 1421 647 praelio
1473 572 1664 628 fimilis
1715 573 1872 634 fieri:
1920 573 2041 632 fine

475 655 665 732 lignis,
698 654 808 710 fine
859 653 1181 719 ordinibus,
1231 652 1702 728 equites·pedites
1742 651 2022 727 pemisti3

472 735 682 796 caedere
723 727 888 801 alim,
949 735 1092 791 alios
1136 735 1502 792 obtruncare:
1548 734 1784 798 multos,
1829 747 2027 788 contra

475 816 734 874 adversos
780 834 1065 871 acerrume
1090 828 1403 891 pugnantes
1431 814 1500 868 ab
1530 827 1686 888 tergo
1714 814 2041 868 circumve?-

473 898 631 954 nire:
678 915 862 971 neque
882 896 1080 960 virtus,
1103 912 1283 968 neque
1306 913 1460 950 arma
1483 891 1605 948 satis
1629 907 1846 969 tegere3
1894 891 2031 965 quia

472 973 654 1034 hostes
669 994 907 1033 numero
917 975 1134 1049 plures,
1162 988 1217 1029 et
1229 973 1481 1047 undique
1499 971 1810 1028 circumfufi
1835 985 2039 1028 erant..

469 1056 733 1131 Denique
780 1053 1028 1110 Romani
1065 1069 1297 1119 vetera,
1340 1053 1610 1125 novique,
1641 1066 1695 1106 et
1724 1051 1798 1107 ob
1824 1069 1885 1105 ea
1915 1052 2026 1107 sci·

466 1151 624 1191 entes
652 1134 808 1194 belli.
841 1132 878 1187 fi
906 1152 1048 1206 quos
1075 1132 1255 1197 locus,
1304 1146 1400 1189 aut
1441 1132 1591 1188 casus
1630 1133 2021 1206 conjunxerat,

467 1214 628 1270 orbes
655 1212 865 1270 faeere:
913 1227 1076 1286 atque
1098 1213 1176 1268 ita
1196 1214 1264 1268 ab
1295 1211 1561 1270 omnibus
1590 1211 1842 1286 partibus
1862 1210 2027 1269 fimul

464 1291 614 1360 testi,
645 1308 706 1350 et
723 1292 992 1357 instrasti,
1023 1290 1269 1349 hostium
1295 1292 1413 1350 vim
1434 1291 1829 1350 sustentabant.

531 1452 729 1510 ‘CIIL
760 1455 961 1530 Neque
987 1456 1054 1510 in
1073 1474 1140 1511 eo
1180 1468 1294 1510 tam
1332 1454 1526 1529 aspero
1551 1452 1783 1528 negotio
1808 1453 2027 1509 Marius

466 1534 714 1600 tet-firm,
746 1549 842 1591 aut
871 1535 1071 1611 magis,
1121 1555 1293 1608 quam
1319 1549 1502 1598 antea,
1547 1532 1781 1588 demiffo
1829 1533 2025 1590 animo

465 1612 609 1678 fuit3
647 1613 739 1670 sed
763 1635 893 1670 cum
916 1630 1097 1669 turma
1123 1615 1238 1680 sua,
1267 1633 1437 1688 quam
1461 1632 1530 1668 ex
1550 1612 1872 1669 fortissumis
1902 1632 2025 1668 ma-

467 1694 576 1769 gis,
600 1713 769 1766 quam
791 1691 1248 1748 familiarissumis
1266 1709 1575 1767 paraverat,
1595 1694 1783 1770 yagari
1798 1693 2017 1766 paffimz

463 1777 528 1829 ‘ac
553 1770 1142 1832 mododaborantibus
1168 1771 1277 1827 suis
1329 1773 1660 1840 succurrere,
1689 1773 1864 1829 modo
1892 1772 2025 1830 hos-

467 1850 562 1915 tis,
594 1851 692 1910 uhi
720 1850 1126 1907 confertissumi
1154 1852 1499 1919 obstiterant,
1520 1852 1783 1909 invadere
1810 1874 2018 1916 manu:

462 1930 750 1988 consulere
803 1932 1103 1999 militibus,
1137 1934 1430 2007 quoniam,
1489 1935 1766 2008 imperare
1782 1949 2029 1992 contur-

463 2012 609 2070 batis
658 2011 924 2071 omnibus
955 2033 1074 2068 non
1123 2028 1365 2089 poterat.
1441 2013 1684 2088 Jamque
1732 2013 1853 2069 dies
1881 2036 2025 2075 con-

463 2091 678 2148 §unitus
705 2106 843 2156 erat,
874 2113 1003 2149 cum
1027 2107 1214 2148 tamen
1241 2094 1460 2150 barbari
1511 2091 1663 2148 nihil
1705 2093 2018 2153 remittere:

463 2186 655 2246 atque,
689 2172 776 2228 uti
801 2192 954 2250 reges
982 2189 1383 2248 praeceperant,
1416 2171 1638 2228 nocstem
1668 2192 1775 2248 pro
1805 2172 1867 2226 se
1886 2177 2018 2245 rati,

463 2253 640 2310 acrius
667 2251 893 2311 instare.
977 2254 1136 2311 Tum,
1158 2254 1373 2310 Marius
1402 2273 1471 2309 ex
1489 2255 1654 2329 copia
1673 2272 1861 2309 rerum
1882 2276 2021 2312 con-

464 2331 650 2391 filium
677 2332 885 2399 trahit3
934 2348 1121 2408 atque,
1157 2335 1242 2389 uti
1270 2334 1378 2389 suis
1407 2329 1653 2408 receptui
1682 2335 1839 2390 locus
1865 2336 2017 2404 esset,

462 2411 626 2469 collis
655 2410 798 2468 duos
847 2414 1204 2488 propinquos
1245 2411 1393 2468 inter
1422 2413 1472 2467 se
1498 2422 1758 2489 oceupat.
1852 2419 2023 2492 Quo-

461 2509 592 2546 rum
618 2491 683 2548 in
707 2508 850 2557 uno,
870 2491 1051 2547 castris
1080 2511 1280 2567 parum
1301 2494 1518 2568 amplo,
1547 2492 1675 2548 fons
1689 2508 1840 2568 aquae
1859 2514 2023 2571 mag-

462 2588 569 2626 nus
598 2582 745 2628 erat:
777 2567 919 2627 alter
943 2571 1067 2627 usui
1087 2572 1466 2649 obportunus,
1492 2572 1620 2648 quia
1634 2590 1838 2649 magna
1861 2590 2021 2651 parte

462 2648 669 2719 editur,
723 2664 780 2707 et
826 2670 1107 2727 praeceps;
1159 2672 1337 2727 pauca
1382 2653 1740 2709 munimento
1792 2655 2027 2730 egebat.·

462 2729 736 2788 Ceterum
763 2731 915 2806 apud
941 2750 1146 2807 aquam
1174 2733 1390 2788 Sullam
1417 2753 1543 2788 cum
1567 2733 1849 2807 equitibus
1876 2750 2021 2790 noe·

461 2824 576 2866 tem
603 2810 813 2886 agitare
856 2812 1042 2886 jubet.
1081 2830 1088 2837 ·
1129 2813 1256 2886 Ipse
1285 2813 1580 2885 paullatim
1610 2806 1889 2887 dispersos
1907 2813 2019 2868 mi-

459 2887 606 2952 lites,
638 2906 819 2962 neque
847 2889 1037 2945 minus
1066 2889 1313 2947 hostibus
1345 2893 1716 2955 conturbatiS,
1748 2891 1808 2946 in
1834 2912 2019 2948 unum

461 2964 781 3023 contrahit:
805 2967 962 3022 *dein
1015 2969 1242 3025 cunstos
1293 2971 1467 3045 pleno
1501 2969 1679 3046 gradu
1709 2971 1771 3026 in
1811 2972 2018 3028 collem

459 3043 740 3102 subducit.
799 3049 887 3102 Ita
915 3066 1089 3123 reges,
1122 3050 1234 3105 loc‘i
1256 3049 1583 3107 difficultate
1597 3048 1794 3115 coaffl,
1815 3052 2018 3124 praelio

456 3124 835 3191 deterrentur3
864 3145 1044 3202 neque
1060 3142 1243 3184 tamen
1257 3128 1380 3184 su'os
1399 3129 1625 3207 longius
1639 3131 1789 3185 abire
1803 3130 2012 3194 sinunt,

458 3203 572 3271 sed,
629 3220 868 3282 utroque
898 3208 1040 3263 colle
1073 3209 1438 3265 multitudine
1485 3209 1832 3265 circumdato
1865 3207 2015 3265 effufi

454 3284 780 3345 consedere.
829 3287 1002 3355 Dein,
1021 3288 1229 3345 crebris
1243 3287 1472 3364 ignibus
1492 3287 1666 3356 fastis,
1685 3290 2019 3365 plerumque

629 3388 636 3393 ·
1805 3366 1990 3425 noetis
