2387 4040
479 389 613 457 8⁴24
688 369 762 438 c,
825 365 1240 438 CRISPI
1314 363 1946 437 sALLthrn

482 501 782 566 tribueram
830 517 907 567 et,
938 521 1008 557 ex
1038 501 1205 558 coriis
1232 516 1382 558 utres
1407 501 1493 557 nti
1518 502 1736 567 fierent,
1768 501 2026 558 curabat:
2054 515 2067 538 ·

479 579 637 635 simul
662 595 716 636 et
739 581 994 656 inopiam
1025 580 1298 638 frumenti
1328 581 1525 647 lenire,
1553 596 1607 637 et
1620 581 1826 657 ignaris
1840 582 2031 636 omni-

482 660 609 726 bus,
644 678 861 734 parare,
887 681 1009 734 quae
1035 679 1173 717 mox
1200 661 1324 717 usui
1346 661 1568 717 forent:
1599 661 1849 735 denique
1876 659 2033 715 sexto

478 737 597 805 die,
641 758 771 795 cum
821 739 893 795 ad
942 740 1153 796 fiumen
1206 757 1439 796 ventum
1494 739 1591 807 est,
1645 757 1910 795 maxuma
1946 739 2031 795 vis

476 817 693 875 utrium
719 817 931 874 effessa.
974 819 1064 874 Ibi
1091 818 1273 875 castris
1295 821 1405 875 levi
1429 821 1784 877 munimento
1808 817 2027 894 politis,

475 897 689 955 milites
714 899 904 955 eibum
942 917 1160 972 capere,
1192 912 1380 973 atque,
1407 900 1492 954 uti
1522 897 1681 955 fimul
1710 915 1843 953 cum
1867 916 2031 953 occa-

477 974 541 1032 su
572 977 701 1033 solis
740 978 1155 1053 egrederentur,
1198 992 1420 1053 paratos
1461 977 1565 1034 effe
1593 976 1790 1054 jubet3
1838 975 2032 1031 omni-

479 1056 583 1112 bus
611 1056 833 1113 sarcinis
859 1056 1103 1132 abjeffls,
1138 1077 1282 1131 aqua
1309 1057 1483 1115 modo
1513 1058 1696 1133 seque,
1727 1070 1783 1111 et
1798 1056 2033 1133 jumen-

479 1150 535 1189 ta
560 1152 811 1190 onerare.
856 1136 1031 1200 Dein,
1064 1136 1357 1212 postquam
1379 1152 1596 1212 tempus
1615 1136 1821 1201 visum,
1847 1134 2032 1191 castri-s

481 1212 800 1288 egreditur:
844 1213 1172 1289 nostemque
1214 1229 1386 1270 totam
1413 1217 1611 1271 itinere
1640 1214 1805 1280 faelo,
1837 1214 2032 1270 conse·
2078 1246 2089 1258 ·

480 1293 599 1347 dit:
647 1292 799 1347 idem
820 1311 1102 1368 proxuma
1127 1293 1282 1349 facit.
1328 1294 1477 1356 Dein
1506 1296 1667 1351 tertia
1694 1295 1876 1350 multo
1902 1310 2035 1349 ante

479 1372 617 1427 lucis
645 1372 947 1429 adventum
976 1374 1229 1448 pervenit
1256 1373 1317 1428 in
1344 1374 1531 1430 locum
1558 1374 1926 1441 tumulosum,
1952 1375 2032 1431 'ab

479 1451 665 1527 Capsa
685 1472 804 1509 non
824 1455 1066 1527 amplius
1090 1453 1269 1509 duum
1293 1455 1537 1510 millium
1561 1454 1888 1511 intervallo:
1918 1455 2034 1509 ibi-

476 1552 610 1622 que,
636 1553 803 1608 quam
826 1532 1207 1590 occultissume
1233 1529 1434 1606 potest,
1460 1554 1590 1589 cum
1619 1532 1885 1589 omnibus
1930 1554 2031 1590 co-

479 1612 590 1687 piis
617 1612 937 1686 opperitur.
992 1611 1123 1678 Sed,
1157 1613 1258 1668 ubi
1288 1614 1403 1668 dies
1430 1613 1633 1688 coepit·
1684 1627 1735 1668 et
1765 1614 2031 1671 Numida:

478 1688 628 1746 nihil
658 1691 854 1748 hostile
880 1706 1211 1761 metuentes,
1242 1695 1409 1749 multi
1437 1692 1657 1768 oppido
1679 1691 1902 1768 egreffi·
1939 1712 2028 1748 re-

474 1783 646 1845 pente
675 1788 901 1824 omnem
931 1769 1264 1845 equitatum,
1310 1789 1365 1829 et
1390 1792 1517 1829 cum
1546 1772 1635 1828 his
1662 1771 2031 1830 velocissimos

473 1847 695 1924 pedites
722 1849 882 1905 cursu
912 1849 1136 1906 tendere
1183 1854 1256 1910 ad
1283 1851 1548 1928 Capsam,
1585 1866 1639 1907 et
1667 1865 1857 1927 portas
1881 1851 2027 1907 obfi-

473 1929 607 1985 dere
627 1930 824 2004 jubet:
872 1929 1076 1986 deinde
1129 1932 1249 2008 ipse
1298 1934 1546 1988 intentus
1578 1950 1817 2011 propere
1847 1931 2025 2006 sequi,

475 2030 659 2086 neque
681 2010 887 2066 milites
916 2010 1162 2085 praedare
1185 2014 1378 2069 {inere-
1428 2013 1571 2088 Quae
1595 1999 1887 2087 postquam
1915 2031 2026 2087 op·

473 2090 674 2168 pidani
723 2108 1065 2167 cognovere3
1116 2113 1200 2148 res
1258 2091 1510 2169 trepidae,
1566 2106 1745 2148 metus
1794 2090 2022 2168 ingens,
2074 2160 2079 2165 =

475 2171 686 2227 malum
736 2170 1113 2245 inprovisum,
1172 2172 1242 2228 ad
1298 2171 1407 2228 hoc
1453 2190 1581 2246 pars
1622 2170 1831 2226 civium
1869 2185 2028 2226 extra

470 2252 679 2307 moenia
708 2251 769 2306 in
801 2248 1044 2309 hostium
1083 2252 1369 2326 potestate,
1424 2269 1689 2326 coegere3
1749 2248 1836 2305 uti
1859 2248 2026 2304 dedi-

472 2333 688 2386 tionem
720 2330 983 2387 facerent.
1060 2331 1329 2386 Ceterum
1377 2331 1662 2406 oppidum
1691 2328 2016 2384 incensum:

472 2407 735 2465 Numidae
784 2409 1019 2481 puberes
1066 2409 1378 2464 interseffi:
1426 2410 1522 2465 alii
1561 2414 1757 2464 omnes
1784 2426 2022 2465 venum·

469 2488 623 2544 dati:
674 2487 860 2560 praeda
889 2485 1162 2544 militibus
1203 2488 1427 2545 divisa.
1489 2486 1559 2542 ld
1588 2487 1802 2543 facinus
1829 2502 2025 2544 contra

460 2570 560 2646 jus
593 2566 726 2622 belli
757 2585 874 2621 non
904 2568 1153 2635 avaritia,
1187 2587 1368 2641 neque
1397 2568 1593 2623 scelere
1627 2564 1892 2623 Consulis
1920 2567 2023 2622 ad-

468 2647 726 2712 miffum3
762 2646 854 2702 sed
874 2636 1007 2723 quia
1027 2647 1489 2722 locusJugurthae
1511 2647 1893 2721 obportunus,
1916 2665 2025 2702 no-

471 2730 555 2785 bis
584 2729 741 2784 aditu
794 2726 1068 2784 difficilis:
1118 2747 1292 2804 genus
1321 2726 1619 2782 hominurn
1662 2725 1898 2790 mobile,
1930 2726 2022 2779 in-

469 2810 674 2872 fidum,
729 2822 856 2862 aute
904 2827 1085 2882 neque
1126 2806 1420 2873 beneficiO,
1473 2825 1657 2881 neque
1686 2819 1840 2860 metu
1869 2823 2025 2860 coer-

467 2901 666 2942 eitum.

553 3044 823 3102 XCVII.
871 3037 1167 3122 Postquam
1218 3063 1429 3104 tantam
1478 3066 1597 3103 rem
1645 3046 1865 3103 Marius
1913 3046 2026 3102 fine

465 3126 588 3182 ullo
614 3125 840 3181 suorum
867 3127 1238 3184 incommodo
1268 3128 1510 3203 patravit
1538 3146 1797 3202 magnus,
1826 3141 1879 3181 et
1905 3128 2016 3183 cla·
2072 3152 2081 3158 -

465 3226 558 3263 rus
588 3221 769 3270 antea,
801 3208 1001 3283 major,
1035 3203 1199 3282 atqu'e
1229 3206 1427 3262 clarior
1447 3204 1639 3262 haberi
1657 3222 1857 3280 coeprt:
1893 3226 2020 3262 om·-

466 3287 562 3343 nia
584 3304 705 3343 non
735 3287 875 3344 bene
907 3286 1156 3344 consulta
1200 3289 1264 3343 in
1310 3286 1576 3343 virtutem
1627 3285 2017 3343 trahebantur.

1808 3365 2022 3422 Milites
2086 3390 2095 3393 ·
