2387 4040
513 331 1677 472 BELLUMJUGURTJJ.
1798 398 1927 467 137

350 501 507 568 sunt,
535 502 765 559 muniti.
808 501 916 559 Sed
934 503 996 558 in
1017 499 1239 571 itinere,
1270 501 1500 578 quinfio
1514 502 1784 578 denique,
1813 501 1929 569 die,

355 582 772 644 Volux‚'filius'
806 580 1041 650 Bocchi,
1074 596 1305 657 repente
1336 585 1397 638 in
1440 584 1651 657 campis
1683 582 1930 658 patenti-

357 661 463 716 bus
489 681 620 718 cum
644 662 801 718 mille
822 681 942 718 non
965 663 1209 738 amplius
1233 662 1512 736 equitibus
1538 662 1641 717 sese
1657 661 1921 726 ostendit:

356 740 460 814 qui
491 755 695 797 temere
720 757 777 797 et
803 740 969 800 effuse
996 756 1212 809 euntes,
1244 739 1433 807 Suuae,
1469 742 1698 815 aliisque
1735 741 1924 798 bmni-

363 821 465 880 bus
491 834 547 875 et
572 839 875 877 numerum
903 820 1234 894 ampliorem
1255 840 1412 887 ver0,
1443 835 1497 876 et
1520 819 1779 877 hostilem
1806 842 1925 877 rne-

361 913 481 954 tum
509 897 848 955 efficiebant.
934 901 1126 976 Igitur
1151 899 1202 955 se
1233 900 1464 974 quisque
1491 899 1790 974 expedire3
1836 921 1923 956 ar-

357 999 451 1034 ma
477 993 643 1053 atque
676 981 785 1035 tela
811 994 1045 1046 tentare,
1079 979 1411 1035 intenderet
1472 977 1644 1035 timor
1669 979 1929 1054 aliquan-'

359 1071 469 1125 tus,
515 1056 609 1113 sed
638 1057 758 1133 spes
798 1058 1068 1133 amplior,
1110 1060 1331 1134 quippe
1373 1056 1695 1123 vifiloribus,
1732 1074 1786 1115 et
1822 1057 1923 1114 ad-

357 1130 584 1194 vorsum
633 1156 751 1204 eos,
785 1158 928 1213 quos
965 1136 1106 1213 saepe
1142 1138 1409 1194 vicerant.
1501 1138 1743 1194 Interim
1771 1141 1929 1215 equi-

356 1231 461 1283 tes,
494 1216 855 1291 exploratum
893 1216 1176 1294 fuemiffi,
1208 1238 1352 1285 rem,
1385 1217 1467 1274 uti
1506 1233 1646 1284 erat,
1676 1218 1925 1295 quietam

350 1311 658 1355 nunciant.

448 1455 671 1513 CXIV.
703 1455 894 1513 Volux
923 1454 1225 1515 adveniens
1254 1457 1599 1535 Quaestorem
1635 1456 1919 1538 adpellat:

357 1532 608 1611 dicitque
617 1535 683 1609 se
710 1556 742 1590 a
758 1541 900 1608 patre
926 1536 1115 1593 Boccho
1136 1537 1192 1594 ob
1217 1537 1351 1593 viam
1379 1538 1477 1594 illis
1479 1535 1656 1609 stand,
1682 1548 1728 1592 e!
1745 1534 1920 1609 pne-’si-

349 1614 435 1669 dio
461 1610 678 1691 mffaem.
727 1616 962 1679 -Dejnde
992 1636 1143 1682 eum,
1175 1633 1231 1673 et
1256 1636 1606 1694 proxumum
1634 1616 1787 1673 diem
1813 1617 1924 1672 fine

349 1711 506 1749 metu
536 1695 819 1772 conjunffi
852 1712 1009 1752 eunt.
1100 1698 1250 1763 Post,
1303 1699 1401 1753 ubi
1430 1696 1597 1755 castra
1632 1699 1830 1763 locata,
1861 1711 1918 1753 et

346 1772 463 1829 diei
485 1775 677 1850 vesper
696 1791 836 1841 erat3
869 1793 1100 1851 repente
1122 1779 1378 1844 Maurus,
1399 1779 1614 1834 incerto
1635 1778 1797 1834 vultu
1819 1796 1920 1853 pa-

347 1850 510 1919 vem,
535 1854 607 1910 ad
635 1855 848 1911 Sullam
878 1858 1160 1922 adcurrit3
1201 1857 1470 1933 dicitque,
1484 1855 1590 1927 fibi
1616 1856 1919 1932 exspecula-

348 1934 529 1990 toribus
575 1936 842 2007 cognitum,
865 1935 1175 2013 Jugurtlzam
1213 1936 1343 1992 haud
1362 1937 1537 2010 procul
1556 1934 1732 2014 abeſjZ,
1766 1933 1927 2006 stmul

349 2011 493 2070 not‘lu
516 2015 642 2070 clam
640 2012 813 2088 ficum
833 2012 1141 2089 prqfugeret,
1171 2028 1337 2090 rogat,
1364 2027 1506 2092 atque
1527 2016 1766 2073 hortatur.
1812 2015 1923 2072 Ille·

350 2093 766 2160 animoferoei,
799 2113 968 2173 negat
1017 2097 1068 2151 se
1096 2093 1417 2172 totiesszgsum
1448 2094 1727 2152 Numidam
1757 2097 1916 2168 perti-

351 2175 556 2250 mescere
574 2194 593 2228 .-
622 2175 792 2231 virtuti
801 2177 1008 2249 suorum
1009 2175 1144 2250 satis
1172 2177 1399 2252 credere.-
1427 2174 1630 2247 etiamst
1656 2186 1786 2230 certa
1807 2173 1918 2248 ρςίῖ-

349 2257 411 2311 tis
434 2249 634 2407 adjffien
659 2253 934 2329 mansurum
958 2259 1135 2330 potius,
1162 2274 1304 2329 quam
1325 2256 1537 2329 proditis
1561 2274 1672 2330 quos
1691 2254 1916 2320 ducebat,

350 2336 481 2408 iurpz'
535 2355 635 2409 uga
658 2336 875 2400 incertae,
905 2356 964 2390 ac
971 2332 1192 2408 fhrfitan
1206 2336 1370 2409 paullo
1388 2330 1490 2409 pest
1514 2336 1673 2390 morbo
1691 2335 1917 2391 interitu-

350 2434 419 2473 rae
444 2416 559 2471 vitae
580 2422 822 2488 parceret.
906 2416 1177 2472 Ceterum
1209 2417 1275 2471 ab
1308 2416 1509 2472 eodem
1537 2417 1809 2479 monituS,
1842 2417 1916 2472 uli

348 2493 491 2550 noHu
511 2492 947 2568 prqficg'scerentnr,
983 2496 1276 2553 confilium
1306 2495 1613 2571 adprobat:
1649 2517 1710 2552 ac
1738 2496 1916 2552 statim

350 2575 556 2631 milites
587 2591 829 2631 coenatos
859 2575 962 2632 effe
993 2578 1054 2630 in
1086 2576 1303 2642 castris;
1356 2576 1618 2651 ignesque
1645 2577 1912 2631 creberri-

348 2674 470 2710 mos
503 2654 643 2721 fieri,
682 2654 814 2709 dein
843 2655 1026 2728 prima
1049 2656 1246 2731 vigilia
1271 2656 1488 2733 fijentio
1513 2655 1911 2730 egredijubet.

334 2734 577 2810 Jamque
602 2734 877 2789 nocturno
905 2735 1104 2791 itinere
1134 2734 1274 2791 feffis
1302 2736 1591 2800 omnibus,
1623 2734 1779 2789 Sulla
1809 2754 1910 2809 pa·

350 2814 487 2871 riter
514 2834 642 2869 cum
685 2830 815 2869 ortu
843 2812 971 2869 solis
999 2814 1165 2870 castra
1191 2816 1538 2880 metabatur;
1596 2834 1727 2870 cum
1755 2814 1912 2889 equi-

351 2910 431 2950 tes
459 2894 644 2948 Mauri
676 2895 971 2960 nunciant,
994 2895 1329 2972 Jugurtham,
1361 2895 1554 2970 circiter
1589 2896 1736 2950 duum
1760 2894 1912 2950 milli-

349 2993 429 3028 um
473 2972 750 3039 intervallo,
780 2984 892 3028 ante
913 2968 1195 3049 corfidgffe.
1288 2975 1459 3052 Quod
1492 2976 1781 3050 postquam
1810 2996 1910 3030 au-

352 3052 539 3109 ditum
563 3053 659 3118 est,
686 3069 805 3110 tum
827 3073 955 3109 veto
979 3058 1179 3130 ingens
1201 3071 1379 3110 metus
1407 3056 1622 3110 nostros
1648 3054 1898 3110 invadit:

351 3132 574 3190 credere
603 3133 653 3188 se
693 3132 951 3208 proditos
981 3155 1012 3189 a
1054 3134 1301 3200 Voluce,
1334 3149 1387 3188 et
1423 3134 1633 3189 infidiis
1673 3135 1910 3189 circum-

342 3228 564 3268 ventos,
619 3213 709 3269 Ac
739 3211 892 3269 fuere
920 3213 1016 3287 qui
1047 3213 1322 3280 dicerent,
1356 3233 1501 3268 manu
1539 3214 1909 3280 vindicandum,

347 3311 495 3365 neque
519 3295 649 3366 apud
673 3292 810 3350 illum
837 3291 1192 3367 lantumscelus
1221 3293 1427 3350 inultum
1455 3294 1838 3368 relinquendum.

1008 3375 1075 3429 M
1100 3389 1135 3448 3
1606 3371 1792 3429 cxv.
1825 3369 1911 3429 A:
