2387 4040
466 390 599 459 240
800 364 1366 438 LANNAEI
1437 364 1808 437 FLOR!

455 496 671 552 senatus
700 494 799 551 fibi
826 492 1197 569 parentabant
1247 490 1558 566 obseffaque
1591 492 1790 556 Curia,
1842 492 1909 547 fic
1939 490 2006 545 de

437 575 682 640 Senatu,
708 574 853 647 quafi
877 573 947 628 de
974 591 1208 635 carcere,
1233 572 1334 644 qui
1348 573 1766 646 jugularentur,
1799 568 2003 625 eduffi.

457 653 619 729 Quid
664 652 924 707 funerum
956 653 1015 706 in
1071 650 1218 712 foro,
1252 650 1315 703 in
1368 652 1539 714 circ0,
1569 650 1632 703 in
1689 648 2008 723 patentibus

458 730 729 805 templis?
778 732 927 787 Nam
974 728 1252 807 QuinRus
1276 729 1498 783 Mucius
1537 728 1775 785 Scaevola
1819 727 2011 801 ponti-

460 808 577 874 fex,
613 809 857 882 Vestales
888 810 1177 882 amplexus
1209 827 1347 872 araS,
1406 822 1620 861 tantum
1647 826 1764 861 non
1809 805 2010 861 eodem

454 889 590 963 igne
615 888 901 964 sepelitur.
961 886 1308 960 Lamponius
1333 901 1494 959 atque
1516 886 1826 948 Telesinus..
1853 884 2010 939 Sam·

456 968 643 1023 nitum
670 968 860 1032 duces,
894 966 1131 1021 atrocius
1154 963 1374 1039 Pyrrho
1407 979 1458 1017 et
1478 963 1803 1029 >Annibale3
1840 962 2007 1017 Cam·
2037 984 2042 987 ⁴
2089 1031 2094 1037 Ι

456 1046 685 1121 panium
732 1045 1118 1117 Etruriamque
1162 1043 1567 1116 populantur(
1603 1057 1677 1107 et,
1709 1042 1807 1097 sub
1837 1042 2011 1114 specie

458 1126 725 1197 partium,
756 1121 807 1177 se
834 1122 1145 1178 vindicant.
1231 1120 1410 1195 Apud
1449 1122 1835 1194 Sacriportum
1867 1120 2007 1175 Col-

458 1203 741 1275 linamque
765 1216 985 1277 portam
1006 1200 1291 1255 debellata:
1317 1218 1508 1255 omnes
1535 1198 1778 1255 hostium
1805 1199 2000 1272 copiae.

459 1280 551 1336 lbi
602 1281 839 1346 Marius,
874 1278 965 1334 hic
1010 1280 1297 1335 Telefinus
1333 1279 1628 1353 oppreffi.‘
1686 1279 1805 1333 Nec
1857 1276 2009 1331 idem

397 1369 413 1381 ‘
462 1374 646 1415 tamen
674 1359 934 1423 caedium,
966 1358 1063 1431 qui
1111 1359 1246 1413 belli
1278 1359 1402 1413 finis
1430 1358 1558 1412 fuit.
1645 1356 1826 1411 Striffi
1856 1356 2006 1410 enim

464 1452 520 1492 et
544 1439 605 1493 in
628 1458 761 1513 pace
782 1437 991 1513 gladii:
1026 1436 1579 1510 animadversumque
1603 1437 1666 1489 in
1688 1454 1802 1499 eos,
1831 1436 1928 1507 qui
1957 1434 2009 1488 se

458 1516 1043 1591 ‘sponte-dediderant.
1128 1516 1320 1572 Minus
1347 1515 1440 1578 est,
1471 1515 1626 1589 quod
1655 1513 1807 1587 apud
1833 1513 2008 1569 Sacri-

460 1611 715 1669 portum,
746 1610 801 1651 et
826 1594 977 1670 apud
1022 1594 1314 1650 Collinam
1359 1609 1602 1668 portam,
1665 1592 2014 1667 septuaginta

456 1669 699 1747 amplius*
724 1676 900 1729 millia
920 1673 1070 1728 Sulla
1096 1672 1364 1729 concidit.
1413 1674 1632 1728 Bellum
1663 1686 1799 1725 erat.
1851 1672 2011 1747 Qua.-

457 1766 590 1807 tuor
637 1755 816 1807 millia
841 1751 1161 1818 deditorum
1219 1752 1516 1815 inermium
1543 1750 1749 1805 civium
1789 1750 1850 1804 in
1877 1750 2012 1804 villa

459 1832 691 1905 publica
714 1830 949 1887 interfici
968 1830 1143 1905 juffit.
1231 1831 1328 1886 Isti
1355 1845 1435 1885 tot
1459 1828 1522 1885 in
1543 1846 1698 1904 pace,
1731 1848 1848 1883 non
1877 1829 2008 1902 plu—

462 1928 546 1965 res
574 1906 701 1965 sunt
718 1911 745 1967 ?
775 1911 900 1985 quis
928 1924 1112 1964 autem
1138 1911 1266 1965 illos
1293 1910 1468 1984 potest
1493 1922 1836 1983 computare,
1869 1925 2010 1979 quos

459 1989 523 2043 in
551 1990 707 2045 Urbe
734 1991 951 2065 paffim,
980 1988 1222 2063 quisquis
1239 1990 1436 2054 voluit,
1466 1986 1878 2064 ¹occidit.donec
1905 1984 2006 2042 ad-

439 2084 723 2137 -monente
772 2068 1043 2132 Fut-tidie,
1100 2069 1268 2125 Vivere
1303 2069 1484 2142 aliquos
1525 2068 1713 2132 debere,
1741 2074 1812 2120 ut·
1835 2062 2005 2141 ffmt,

458 2146 971 2222 quibus-imperarant,-
1024 2147 1306 2222 propofita
1333 2147 1403 2202 est
1432 2149 1628 2224 ingens
1655 2145 1754 2200 illa
1783 2144 2000 2200 tabula:

436 2242 609 2303 ,ebex
652 2226 1325 2302 ipso·Equestris›ordinis
1354 2225 1488 2282 flore
1509 2247 1578 2282 ac
1608 2225 1860 2289 SenatuS,
1891 2221 2006 2280 duo

456 2305 635 2362 millia
654 2307 817 2362 'elessi
844 2306 942 2380 qui
988 2306 1131 2360 mori
1170 2307 1523 2380 juberentur.
1611 2304 1761 2360 Novi
1794 2305 2008 2378 generis

458 2383 723 2439 edidkum.
795 2387 957 2460 Piget
982 2384 1102 2457 post
1134 2384 1250 2440 haec
1278 2383 1502 2450 referre,
1536 2383 1786 2438 ludibrio
1814 2382 2006 2437 habita

458 2461 570 2516 fata
598 2462 901 2527 Carbonis,
934 2461 1043 2516 fata
1093 2462 1290 2518 Sorani
1318 2464 1594 2528 PraetoriS,
1617 2477 1791 2534 utque
1817 2462 2006 2516 Venu-

458 2539 587 2596 lcii:
617 2539 869 2597 Baebium
898 2541 1006 2595 fine
1054 2539 1224 2607 ferm,
1253 2543 1370 2597 ritu
1417 2541 1677 2606 ferarum,
1712 2541 1860 2594 inter
1945 2560 2005 2594 a·-

454 2636 563 2674 nus
614 2619 918 2676 laniatum:
990 2615 1260 2685 Marium,
1317 2620 1473 2676 ducis
1533 2621 1700 2696 ipsius
1753 2560 2002 2682 fratfin,

459 2697 616 2773 apud
657 2698 850 2755 Catuli
899 2699 1234 2774 sepulcijum,
1269 2700 1468 2763 oculis,
1509 2699 1786 2762 manibus,
1827 2700 2006 2754 cruri-

362 2813 367 2817 <
456 2777 668 2852 busque
696 2777 937 2844 defoffis,
992 2778 1262 2834 servatum
1291 2779 1642 2852 aliquandiu,
1675 2792 1740 2832 ut
1769 2796 1870 2850 per
1896 2778 2004 2832 fin-

458 2856 589 2929 gula
617 2859 865 2917 membra
890 2873 1220 2912 moreretur.
1307 2858 1498 2912 Pofitis
1525 2857 1867 2931 fingulorum
1897 2857 2002 2915 ho-

452 2933 675 2988 minum
702 2935 813 2991 fere
842 2937 1043 3010 poenis,
1074 2937 1390 3011 municipia
1427 2935 1600 2992 Italiae
1625 2933 2004 3009 splendidifli-

452 3031 569 3076 ma,
587 3011 687 3067 sub
706 3013 853 3068 hasta
872 3015 1186 3081 venierunt,
1205 3015 1536 3089 Spoletium,
1564 3015 1998 3085 Interamnium,

455 3089 743 3164 Praeneste,
772 3093 1074 3148 Florentia.
1161 3095 1310 3150 Nam
1335 3093 1682 3159 Sulmonem,
1713 3108 1870 3148 vetus
1897 3115 2005 3171 op·

454 3167 683 3242 pidum,
712 3172 923 3228 socium
944 3186 1109 3245 atque
1126 3174 1370 3230 amicum
1397 3170 1630 3239 (facinus
1650 3171 2000 3248 indignum!)

453 3247 712 3308 nondum
762 3265 1170 3326 expugnatum,
1223 3267 1284 3309 ut
1333 3253 1545 3311 obfides
1570 3253 1693 3327 jute
1743 3247 1907 3322 belli(
1949 3271 2006 3310 et

1828 3334 2002 3391 modo
2093 3363 2108 3373 ·

2360 2119 2362 2124 .
2348 1998 2363 2090 ιιι.
2359 1968 2363 1981 -
2360 1938 2362 1945 .
2345 1672 2363 1921 —2---v
2337 1406 2363 1649 ,,-ι---ι’
