2387 4040
471 375 598 443 186
697 374 812 442 ·L.
868 367 1293 445 ANNAEI
1350 372 1726 447 FLORI

466 502 687 559 invenit
714 519 1056 580 emptorem.
1140 506 1338 562 Voluit
1364 507 1622 562 Annibal
1651 519 1849 562 contra
1888 503 2033 562 fidu-

468 583 611 638 ciam
653 584 884 650 imitari,
917 585 1253 661 subjecitque
1281 586 1616 664 argentarias
1645 586 1821 642 Urbis
1853 587 2031 641 taber-

469 681 603 718 nas:
636 684 737 720 nec
783 664 953 720 sefior
978 666 1238 722 inventus
1265 665 1358 731 est,
1389 681 1452 720 ut
1477 665 1606 721 scias
1633 666 1802 726 etiam
1836 664 2031 739 praesa·

471 743 563 819 gia
613 742 738 800 satis
768 743 945 801 fuiffe.
1033 744 1200 801 Nihil
1227 745 1407 801 astum
1453 760 1567 801 erat
1618 758 1771 801 tanta
1798 746 2031 811 virtute,
2094 742 2109 812 ⁸.

472 837 628 879 tanto
657 823 843 880 favore
870 826 1156 890 Deorum;
1200 824 1492 900 Siquidem
1520 824 1830 890 Asdrubal,
1866 823 2039 885 frater

473 903 805 970 AnnibaliS‚
835 925 964 960 cum
991 905 1241 959 exercitu
1267 924 1438 970 πονο,
1469 907 1630 960 novis
1657 902 1898 968 vii-ihm,
1931 923 2035 960 no-

467 998 538 1038 va
560 984 695 1040 belli
719 984 870 1040 mole
897 983 1172 1039 veniebat.
1224 982 1434 1040 Astum
1462 998 1577 1039 erat
1596 982 1798 1058 procul
1824 982 2032 1048 dubie,

471 1061 512 1117 fi
538 1064 626 1119 vir
652 1066 747 1120 ille
784 1064 834 1119 se
861 1084 991 1119 cum
1021 1061 1187 1119 fratre
1209 1062 1500 1139 junxiffet.
1570 1062 1680 1119 Sed
1700 1061 1864 1142 ‘hunc
1892 1082 2040 1136 quo·
2102 1094 2115 1101 α

472 1162 580 1217 que
607 1142 1075 1199 castrametantem
1105 1141 1383 1198 Claudius
1403 1145 1558 1198 Nero
1590 1163 1718 1198 cum
1749 1142 1917 1220 Liyio
1945 1143 2043 1198 Sa·

475 1223 714 1278 linatore
753 1221 1020 1278 debellat.
1108 1223 1261 1277 Nero
1312 1222 1371 1276 in
1399 1222 1601 1278 ultimo
1629 1222 1802 1278 Italiae
1829 1224 2044 1297 angu'lo

473 1301 855 1358 summovebat
878 1301 1251 1357 Annibalem.
1324 1302 1516 1357 Livius
1544 1303 1604 1356 in
1631 1301 2044 1357 diverfisfimam

473 1398 714 1457 partem,
749 1381 809 1436 id
837 1382 910 1436 est
937 1383 996 1436 in
1024 1380 1167 1456 ipsas
1200 1380 1472 1437 nascentis
1523 1383 1700 1438 Italiae
1724 1379 1908 1436 fauces
1938 1380 2043 1457 fig-

476 1482 551 1518 na
591 1477 962 1519 converterat.
1048 1461 1261 1523 Taum,
1293 1460 1349 1515 id
1381 1461 1474 1526 est,
1534 1462 1718 1526 omni,
1750 1481 1861 1533 qua
1912 1463 2042 1517 lon·

481 1541 695 1619 giffima
721 1542 902 1606 Italia,
940 1540 1057 1596 solo
1082 1540 1464 1615 interjacente,
1497 1559 1613 1615 quo
1645 1541 1901 1607 confili0‚
1933 1562 2045 1616 qua

475 1624 779 1686 celeritate,
812 1621 1085 1677 Consules
1100 1620 1266 1676 castra
1287 1622 1412 1699 conj
1423 1622 1713 1685 unxerint,
1731 1621 2045 1695 inopinan-

478 1718 668 1775 terque
693 1700 904 1756 hostem
931 1700 1146 1755 collatis
1173 1699 1336 1777 {ignis
1387 1699 1828 1774 compresserint,
1861 1720 2046 1776 neque

474 1782 546 1837 id·
565 1780 684 1837 fieri
710 1777 963 1835 Annibal
984 1778 1228 1845 senserit,
1256 1777 1483 1836 difficile
1506 1778 1658 1835 dian
1690 1779 1784 1834 est.
1874 1779 2048 1837 Certe

476 1859 757 1929 Annibal,
784 1880 842 1915 re
863 1859 1112 1936 cognita,
1133 1879 1314 1932 quum
1339 1858 1648 1938 projectum
1669 1858 1853 1925 fratris
1874 1875 2047 1935 caput

478 1941 551 1996 ad
577 1940 670 1996 sua
716 1939 880 1996 castra
907 1937 1147 2002 vidiffet‚
1198 1937 1437 2012 Agnqsco,
1471 1939 1661 2013 inquit
1703 1935 2050 2011 infelicitatem

482 2022 823 2095 Carthaginis.
908 2019 1041 2077 Haec
1068 2019 1177 2076 fuit
1202 2012 1354 2075 illius
1395 2020 1527 2084 viri,
1561 2039 1682 2074 non
1709 2019 1823 2080 fine
1847 2023 2047 2095 praesa-

482 2105 578 2179 gio
634 2101 883 2177 quodam
931 2100 1032 2155 fati
1088 2099 1462 2165 imminentis,
1518 2100 1701 2174 prima
1752 2100 2043 2158 confeffiO.

469 2184 602 2256 Jam
632 2196 846 2238 certum
867 2195 1002 2246 erat,
1034 2175 1404 2245 Annibalem,
1441 2181 1610 2235 etiam
1636 2178 1804 2253 ipsius
1830 2180 2050 2237 confes-

479 2264 653 2329 fione‚
712 2259 863 2338 poffe
909 2259 1092 2316 vinci:
1149 2257 1258 2315 Sed
1293 2273 1375 2314 tot
1420 2278 1608 2315 rerum
1656 2259 2052 2335 prosperarum
2088 2259 2095 2266 “

480 2342 689 2399 fiducia
731 2340 932 2416 plenus
973 2339 1228 2413 Populus
1257 2339 1549 2398 Romanus
1578 2339 1769 2415 magni
1819 2340 2052 2397 aest‘ima-

480 2425 599 2488 bat,
631 2420 1000 2501 asperrimum
1049 2417 1264 2474 hostem
1294 2419 1356 2474 in
1383 2418 1479 2474 sua
1508 2416 1702 2475 Africa
1739 2417 2047 2476 debellare.

483 2504 641 2558 Duce
664 2501 836 2576 igitur
858 2498 1142 2573 Scipione,
1178 2500 1241 2554 in
1268 2498 1443 2572 ipsam
1470 2496 1723 2553 Africam
1753 2513 1868 2560 tota
1896 2502 2051 2555 mole

486 2581 802 2648 conversuS,
839 2579 1049 2634 imitari
1076 2577 1245 2653 coepit
1265 2577 1632 2643 Annibalem,
1664 2592 1718 2632 et
1742 2579 1918 2635 Italiae
1945 2579 2055 2636 suae

485 2661 669 2720 clades
695 2662 758 2716 in
787 2658 1039 2716 Africam
1066 2658 1374 2714 vindicare]
1430 2658 1586 2734 Quas
1613 2657 1709 2712 ille
1734 2656 1836 2729 (aii
1862 2659 2051 2731 bonil)

482 2742 814 2799 Al'drubalis
845 2741 1059 2814 copias,
1094 2757 1236 2814 quos
1259 2735 1531 2813 Syphacis
1561 2740 1833 2794 exercitus
1855 2736 2007 2795 fudit
2026 2739 2055 2794 Ρ

481 2825 652 2904 Quae,
683 2835 996 2896 quantaque
1023 2818 1308 2892 utriusque
1329 2816 1494 2873 castra
1514 2816 1724 2873 facibus
1751 2819 1918 2873 illatis
1937 2838 2057 2875 una

485 2902 649 2958 nocie
679 2899 930 2955 delevit?
978 2897 1220 2972 denique
1241 2899 1360 2973 jam
1407 2915 1525 2951 non
1558 2916 1589 2951 a
1618 2897 1785 2953 tertio
1835 2897 2051 2973 lapide,

489 2981 582 3039 sed
610 2980 754 3055 ipsas
782 2975 1148 3053 Carthaginis
1174 2977 1370 3066 Ροτῳ
1397 2975 1612 3033 obfidio
1635 2977 1955 3051 quatiebat:
1987 2976 2057 3034 fic
2096 3007 2111 3018 ·

487 3060 692 3118 facium
746 3058 840 3125 est,
874 3072 935 3112 ut
981 3054 1368 3120 inhaerentem,
1427 3070 1591 3130 atque
1633 3058 2058 3113 incumbentem

485 3140 684 3206 Italiae,
717 3151 1075 3211 extorqueret
1100 3134 1474 3191 Annibalem.
1563 3136 1698 3192 Non
1726 3136 1837 3193 fuit
1876 3137 2062 3213 major

491 3222 590 3278 sub
617 3219 859 3295 imperio
910 3219 1174 3273 Romano
1204 3216 1346 3282 dies,
1381 3234 1550 3290 quam
1573 3216 1693 3283 ille,
1727 3236 1906 3291 quum
1938 3216 2058 3272 duo

493 3301 753 3359 omnium
778 3314 840 3362 et,
883 3312 1043 3356 antea
1071 3311 1126 3354 et
1166 3296 1353 3373 postea
1380 3295 1610 3352 Ducum
1658 3297 1919 3361 maximi,
1951 3296 2060 3351 Ille

1851 3376 2053 3444 ltaliae,
