2387 4040
507 390 514 394 ·
591 362 1126 447 LIBERI
1174 378 1381 450 em.
1448 362 1659 452 v111'
1811 408 1941 477 ¹53

387 503 489 570 set,
526 502 794 563 tandem
777 527 840 562 ιιι
869 506 1052 565 hostes
1073 508 1369 565 conversus
1389 509 1485 566 est.
1530 510 1623 568 sic
1634 508 1821 569 valida
1844 528 1952 587 op-

385 586 570 660 pida
554 606 618 643 ιιι
641 587 806 643 Latio
835 603 998 663 capta
1021 588 1172 655 sunt,
1201 589 1418 655 Ardea,
1454 590 1813 657 Ocriculum,
1835 591 1952 647 Ga·

387 668 497 733 bii,
527 665 714 724 Suess'a
741 666 1019 724 Pometia.
1105 668 1261 724 Tum
1304 688 1531 745 quoque
1581 685 1845 727 cruentus
1886 671 1951 727 in

386 747 552 804 suos·
537 770 554 811 ς
602 747 805 822 Neque
833 747 988 803 enim
1024 748 1207 805 filium
1231 751 1521 805 verberare
1548 749 1851 815 dubitavit,
1886 763 1950 805 ut

383 825 670 883 fimulanti
690 826 1061 901 transfugam,
1087 826 1242 903 apud
1266 828 1445 884 hostes
1472 827 1607 884 hinc
1626 827 1763 885 fides
1792 828 1963 885 effeti

387 906 506 963 Cui
535 905 757 973 Gabiis,
789 922 856 962 ut
881 907 1155 971 voluerat
1183 927 1306 965 rece
1276 922 1435 1023 epm,
1469 922 1635 981 atque
1661 926 1766 981 per
1790 928 1941 964 nun-

385 987 494 1043 tios
517 984 858 1052 consulenti,
883 988 1002 1061 φυτά
1007 983 1139 1059 fierz
1151 987 1309 1043 vellet
1354 985 1819 1044 eminentiaforte
1846 1008 1948 1062 pa·

384 1086 660 1142 paverum
689 1067 874 1142 capita
906 1067 1126 1143 virgula
1151 1069 1463 1133 excutiens,
1499 1087 1677 1142 quum
1706 1086 1808 1143 per
1833 1067 1945 1123 hoc

383 1145 810 1202 interficiendos
837 1144 940 1202 effe
969 1147 1264 1222 Principes
1294 1146 1536 1223 intelligi
1560 1148 1751 1211 vellet,
1808 1143 1948 1221 (quae

385 1226 675 1300 superbia.
664 1224 709 1296 ο)
735 1226 806 1282 fic
821 1226 1142 1301 respondit.
1171 1228 1393 1284 Tamen
1418 1226 1489 1282 dc
1510 1227 1793 1283 manubiis
1808 1246 1945 1301 cap·

384 1320 570 1361 tarum
597 1306 826 1363 urbium
855 1307 1133 1382 templum
1161 1308 1363 1369 erexit,
1392 1305 1549 1381 quod
1576 1325 1754 1381 quum
1781 1306 1945 1363 inau-

383 1400 702 1461 guraretur,
743 1385 1072 1443 cedentibus
1099 1386 1304 1443 caeteris
1335 1386 1477 1451 deis,
1525 1382 1687 1455 (mira
1713 1404 1797 1441 res
1822 1385 1944 1455 dic,

381 1480 444 1520 tu
463 1466 504 1536 Ξ)
549 1462 792 1520 restitere
804 1464 1161 1535 Juventas'et
1192 1464 1522 1521 Terminus.
1568 1464 1792 1521 Placuit
1821 1466 1943 1521 Va·-

379 1543 530 1599 tibus
557 1545 909 1601 contumacia
937 1546 1283 1610 numinum3
1310 1544 1609 1619 Siquidem
1634 1538 1795 1600 firma
1820 1562 1943 1599 om·

380 1625 475 1679 nia
503 1640 559 1679 et
585 1638 789 1681 aeterna
830 1624 1273 1699 pollicebantur.
1358 1622 1469 1680 Sed
1516 1623 1664 1681 illud
1706 1621 1945 1680 horren-

380 1702 546 1769 dum,
596 1702 755 1778 quod
796 1704 1158 1761 molientibus
1202 1702 1399 1769 aedem,
1443 1704 1507 1761 in
1560 1703 1944 1760 fundamentis

381 1780 702 1839 humanum
743 1799 1028 1858 repertum
1072 1784 1146 1840 est
1185 1798 1387 1858 caput·
1462 1804 1564 1842 nec
1616 1783 1943 1841 dubitavere

379 1861 586 1926 cuncti,
613 1863 924 1919 monstrum
950 1862 1421 1938 pulcherrimum,
1466 1864 1693 1938 imperii
1730 1857 1939 1929 sedem,

377 1956 658 2017 caputque
674 1957 946 1999 terrarum
973 1943 1329 2018 promittere.
1359 1943 1611 1999 Tamdiu
1626 1941 1943 2018 superbiam

378 2022 554 2099 Regis
579 2023 840 2097 Populus
863 2023 1164 2079 Romanus
1188 2020 1471 2098 perpeffus
1492 2022 1589 2088 est,
1604 2023 1787 2079 donec
1805 2023 1939 2078 abe-

380 2115 468 2157 rat
493 2101 702 2158 libido.
791 2101 956 2157 Hanc
985 2121 1055 2158 cx
1081 2102 1273 2159 liberis
1302 2103 1421 2177 ejus
1456 2102 1945 2176 importunitatem

349 2221 364 2230 .
384 2181 620 2237 tolerare
649 2199 770 2237 non
792 2183 1018 2256 potuit.
1057 2182 1323 2260 Quorum
1345 2201 1523 2256 quum
1549 2183 1688 2238 alter
1706 2180 1944 2238 ornatis·-

377 2258 524 2318 fimae
549 2259 794 2318 foeminae
821 2261 1092 2318 Lucretiae
1123 2261 1375 2336 stuprum
1402 2259 1694 2327 intuliffct,
1728 2273 1942 2325 matro-

381 2358 454 2394 na
482 2340 724 2396 dedecus
753 2339 902 2396 ferro
924 2340 1199 2416 expiavit.
1272 2342 1591 2419 Imperium
1621 2355 1743 2398 tum
1766 2339 1943 2418 Regi-

381 2419 484 2476 bus
509 2421 866 2497 abrogatum.

800 2611 850 2668 C
937 2612 996 2669 A
1081 2613 1150 2670 P.
1322 2613 1492 2672 VIII.

693 2769 1106 2847 Anacephalaeqfis
1131 2775 1193 2830 de
1201 2771 1392 2851 septem
1418 2773 1662 2848 Regibus.

371 2905 523 3043 H
541 2889 603 2963 ΛΕ
633 2905 684 2964 C
731 2907 804 2963 cst
831 2909 1018 2982 prima
1037 2923 1164 2964 aetas
1184 2908 1397 2986 Populi
1413 2907 1683 2974 Romani,
1715 2920 1770 2963 et
1794 2926 1938 2982 qua·

554 2987 590 3043 fi
611 2986 876 3054 infantia,
893 3006 1062 3062 quam
1083 2988 1283 3044 habuit
1302 2987 1402 3046 sub
1418 2988 1673 3064 Regibus
1698 2986 1933 3078 septem,

371 3061 620 3144 quadam
651 3069 916 3123 Fatorum
943 3067 1218 3124 industria
1256 3082 1368 3123 tam
1394 3068 1561 3124 variis
1586 3067 1845 3144 ingenie,
1875 3081 1941 3126 ut

373 3146 722 3222 Reipublicae
752 3148 895 3204 ratio
923 3161 978 3202 et
1006 3148 1217 3204 utilitas
1242 3147 1577 3222 postulabat.
1602 3148 1775 3203 Nam
1800 3144 1939 3220 quid

373 3228 630 3284 Romulo
655 3225 994 3286 ardentius?
1043 3227 1175 3282 Tali
1206 3245 1349 3302 opus
1390 3226 1522 3293 fuit,
1556 3241 1620 3284 ut
1648 3225 1933 3283 invaderet

378 3327 643 3386 regnum·
709 3305 874 3384 Quid
901 3308 1092 3364 Numa
1119 3305 1463 3382 religiofiuS.
1449 3305 1476 3344 ³
1516 3308 1605 3366 lta
1630 3325 1715 3362 res
1742 3322 1931 3440 pulpo-

1834 3396 1934 3449 cu,
