2387 4040
260 2927 279 2952 ἢ

470 388 607 475 246
803 384 883 455 L.
952 380 1393 496 AvaAEst
1453 382 1824 455 notu

463 528 527 567 ut
555 512 726 571 hostis
754 512 1027 580 evaderet,
1058 514 1219 588 seque
1255 514 1440 588 palam
1470 514 1712 591 profeffo
1741 517 2038 572 incendium

446 588 599 663 suum
623 588 955 665 rsstinffurum
978 594 1121 649 ruina
1152 594 1482 649 minaretur.
1573 597 1640 649 Et
1670 593 1765 650 ille
1794 595 2043 669 quidem

470 671 538 725 ad
564 687 973 746 praeparatuma
996 674 1216 728 Manlio
1233 674 1292 743 iri
1317 674 1538 729 Etruria
1557 675 1868 730 exercitum
1887 692 2038 753 pro·

467 750 747 817 ficiscitur,
776 750 923 828 signa
949 752 1202 808 illaturus
1223 752 1392 808 Urbi.
1478 753 1750 809 Lentulus
1783 754 2040 809 destina-

468 843 589 887 tum
616 829 836 887 familiae
859 831 962 887 suae
983 830 1274 907 Sibyllinis
1297 831 1536 887 verfibus
1556 851 1792 909 regnum
1813 832 1910 887 fibi
1929 832 2039 889 vh-

468 910 731 975 ticinans‚
760 908 829 964 ad
862 910 1226 984 praestitutum
1255 931 1285 964 a
1315 910 1565 965 Catilina
1593 911 1742 967 diem
1777 913 2038 967 urbe-to-

470 1002 524 1043 ta
546 990 715 1054 viros,
745 987 908 1061 facee,
944 990 1073 1054 tela,
1106 988 1386 1063 disponit.
1476 991 1594 1045 Nec
1615 990 1770 1047 civili
1802 990 2039 1063 conspi-

452 1068 685 1123 ratione
731 1082 1045 1133 contentu-⁸,
1080 1069 1274 1143 legatis
1322 1070 1728 1144 Allobrogum,
1778 1071 1875 1144 qui
1906 1084 2038 1124 tum

468 1145 610 1201 forte
636 1146 889 1209 aderant‚·
916 1146 976 1201 in
1016 1167 1166 1201 arma
1197 1146 1519 1213 sollicitatis,
1577 1147 1715 1203 iisset
1745 1150 1891 1206 ultra
1917 1148 2037 1204 Al-

466 1244 564 1299 pes
594 1223 771 1285 furor,
801 1225 924 1291 niti,
959 1226 1125 1281 altera
1175 1226 1504 1299 proditione
1534 1226 1846 1293 Vulturcii,
1881 1228 2034 1283 Prae·

470 1304 615 1358 toris.
630 1304 797 1359 literae
828 1319 1167 1360 tenerentur.
1239 1304 1438 1361 Statim
1467 1306 1758 1362 Ciceronis
1787 1306 2040 1379 imperio

469 1382 665 1459 injefia
693 1383 763 1438 est
812 1384 1056 1442 barbaris
1086 1403 1305 1438 manus».
1391 1386 1588 1439 ‘Palam
1617 1386 1827 1441 Praetor
1856 1387 1916 1452 in
1947 1384 2030 1443 se,-

470 1478 607 1518 natu
630 1462 1003 1518 convincitur.
1076 1463 1163 1517 De
1186 1463 1462 1537 supplicio
1491 1464 1811 1538 agentibuS,
1847 1462 2036 1519 Caesar

469 1542 812 1619 parcendum
840 1542 1122 1617 dignitati,
1160 1541 1307 1596 Cato
1334 1542 1892 1599 animadvertendum
1923 1560 2035 1617 pro

470 1620 667 1677 scelere
693 1620 963 1679 censebat.
1054 1624 1246 1696 Quam
1279 1620 1606 1677 sententiam
1634 1622 1876 1695 sequutis
1905 1641 2033 1676 om-

468 1700 659 1764 nibus,‚
695 1701 755 1753 in
780 1720 993 1755 carcere
1016 1699 1301 1774 parricidae
1331 1700 1762 1775 strangulantur.
1798 1703 2034 1779 ‘Quam-

470 1779 553 1833 vis
582 1792 737 1852 parte
766 1780 1165 1854 conjurationis
1195 1778 1469 1853 oppressa,
1495 1794 1679 1835 tamen
1707 1782 1775 1835 ab
1797 1781 2030 1854 incepto

477 1856 726 1913 Catilina
746 1877 865 1913 non
886 1857 1127 1912 destitit:
1164 1857 1253 1911 sed
1285 1858 1491 1913 infestis
1517 1861 1583 1913 ab
1615 1860 1832 1916 Etruria
1862 1860 2030 1935 lignis
2093 1881 2102 1885 ·

472 1938 710 2011 patriam
742 1952 957 2012 petens,
992 1938 1161 1993 obvio
1192 1939 1442 1992 Antonii
1467 1940 1716 1994 exercitu
1741 1939 2028 2013 opprimi-

474 2033 587 2072 tur.
678 2018 867 2092 Qiam
892 2018 1152 2073 atrociter
1178 2012 1504 2073 dimicattim
1533 2016 1614 2084 fit,
1649 2018 1828 2074 exitus
1855 2018 2032 2073 docu-

475 2098 543 2151 it.
630 2097 811 2152 Nemo
859 2096 1096 2152 hostium
1128 2097 1277 2152 bello
1307 2095 1598 2170 superfuit.
1689 2101 1878 2171 Qrem
1908 2097 2038 2170 quis

476 2176 539 2231 in
588 2177 898 2254 pugnando
942 2193 1157 2250 ceperat
1199 2177 1408 2241 locum,
1462 2195 1588 2230 eum
1617 2175 1802 2231 amissa
1845 2180 2036 2230 anima.

478 2275 710 2329 corpore
742 2259 981 2332 tegebat.
1058 2257 1311 2312 Catilina
1335 2257 1504 2330 longe
1533 2258 1564 2310 zi
1591 2255 1698 2312 suis
1727 2257 1877 2310 inter
1905 2254 2034 2312 hos-

479 2335 619 2388 tium
664 2335 825 2390 cadaw
837 2357 926 2392 era
953 2352 1204 2408 repertus
1229 2335 1340 2401 est;
1396 2336 1730 2409 pulcerrima
1757 2350 1968 2400 morte,
1997 2334 2036 2389 fi

479 2431 583 2486 pro
611 2415 788 2488 patria
817 2417 883 2472 fic
912 2414 1257 2472 concidisset.

942 2607 988 2663 C
1076 2608 1134 2663 A
1221 2609 1290 2664 P.
1463 2613 1547 2665 11.

834 2833 843 2842 ,
869 2770 1061 2824 Bellum
1093 2768 1298 2842 Caffan's
1327 2777 1372 2822 et
1400 2768 1636 2841 Pompeii.

562 2896 699 2951 AM
731 2915 872 2970 pene
897 2911 1016 2952 toto
1044 2899 1178 2953 orbe
1213 2911 1431 2971 pacate),
1467 2897 1642 2971 majus
1666 2911 1781 2950 erat
1803 2879 2044 2969 iriiperi-

588 2995 686 3030 um
715 2977 1061 3045 Romanum,
1094 2996 1259 3050 qnam
1293 2991 1352 3030 ut
1400 2975 1527 3031 ullis
1555 2975 1798 3029 externis
1825 2975 2049 3029 viribus

484 3055 735 3137 ppprimi
770 3053 965 3129 poffet.
1055 3058 1252 3130 ltaque
1280 3053 1538 3109 invidens
1570 3053 1792 3108 fortuna
1823 3053 2043 3128 princi·
2129 3102 2142 3109 .

483 3136 543 3211 pi
574 3135 824 3210 gentium
848 3134 1094 3207 Popu10‚
1130 3136 1315 3208 ipsum
1339 3134 1501 3187 illum
1531 3134 1589 3187 in
1621 3134 1854 3190 exitium
1881 3131 2043 3186 suum

483 3214 739 3269 armavit.
826 3215 914 3268 Ae
938 3214 1192 3268 Matiana
1215 3212 1443 3286 quidem
1469 3211 1838 3286 Cinnanaque
1860 3211 2042 3266 rabies

483 3295 629 3356 intra
658 3293 867 3350 Urbem
908 3293 1240 3368 proluscrat‚
1273 3291 1418 3365 quasi
1453 3293 1823 3364 experiretur.
1911 3290 2040 3345 sul-

762 3395 781 3423 κ
1195 3372 1200 3377 ”
1919 3370 2050 3425 lana
2075 3413 2103 3430 .
