2387 4040
466 385 618 475 1256
780 384 865 451 L.
922 381 1349 455 ANNAEJ
1419 372 1796 453 FLOR!

474 507 580 571 sar,
610 506 715 562 five
734 507 976 583 respectu
1004 507 1316 583 fragilitatis
1339 507 1616 575 humanae,
1653 510 1756 565 {ive
1788 508 2019 564 nimiam

472 584 872 661 prosperorum
918 588 1213 662 suspectam
1252 588 1459 643 habens
1501 589 1979 643 continuationem
2005 607 2022 639 ε

475 667 565 720 vel
618 664 1057 733 eademtimens,
1100 667 1402 741 'postquam
1429 666 1581 722 idem
1633 666 1732 721 effe
1763 680 2022 740 coeperat,

410 742 417 749 ’
478 743 634 817 quod
685 746 1012 819 Pompeius.
1100 746 1205 801 Sed
1237 748 1297 799 in
1327 746 1446 821 ipso
1477 747 1692 819 praeliO,
1745 744 1897 818 quod
1927 764 2025 798 ne-

478 842 574 878 mo
622 844 869 897 unquam
920 824 1264 887 meminerat,
1313 845 1487 898 quum
1536 825 1639 879 diu
1667 824 1791 899 pari
1846 825 2026 878 Marte

476 901 617 957 acies
645 902 792 958 nihil
820 903 976 959 aliud
996 924 1161 977 quam
1185 903 1525 967 occiderent,
1553 904 1612 958 in
1646 903 1835 958 medio
1863 901 2028 955 ardo-

478 1001 539 1035 re
565 983 942 1057 pugnantium
971 982 1148 1037 subito
1177 982 1376 1057 ingens
1406 984 1553 1037 inter
1581 983 1843 1056 utrosque
1867 981 2025 1035 silen-

483 1060 647 1125 tium,
672 1061 817 1133 quafi
844 1061 1202 1116 convenisset.
1260 1062 1371 1117 Hic
1399 1061 1656 1117 omnium
1679 1061 1863 1116 sensus
1887 1075 2024 1114 erat.

479 1138 784 1194 Noviffime
811 1140 956 1194 illud
1003 1142 1320 1195 inusitatum
1357 1139 1581 1195 Caesaris
1632 1142 1809 1195 oculis
1841 1137 2028 1209 (nefas)

481 1216 601 1290 post
648 1218 1069 1290 quatuordecim
1122 1239 1298 1273 annos
1351 1220 1589 1292 probata
1641 1234 2030 1274 veteranorum

481 1315 679 1350 manus
708 1296 943 1372 gradum
980 1314 1127 1352 retro
1154 1297 1335 1352 dedit.
1425 1297 1604 1373 Qtod
1656 1298 1746 1353 etfi
1777 1296 2036 1352 nondum

486 1373 723 1462 fugerat,
780 1378 1081 1451 apparebat
1132 1391 1338 1440 tamen,
1375 1377 1590 1450 pudore
1639 1378 1818 1451 magis
1867 1394 2034 1449 quam

484 1436 687 1510 virtute
715 1455 965 1511 resistere.
1026 1458 1221 1527 Itaque
1247 1456 1500 1530 ablegato
1531 1474 1695 1528 equo,
1729 1456 1915 1509 {irnilis
1943 1453 2029 1507 fu-

482 1534 653 1597 xenti‚
687 1534 927 1606 primam
956 1534 1015 1588 in
1045 1535 1216 1590 aciem
1266 1534 1568 1608 procurrit.
1658 1534 1747 1587 lbi
1781 1533 2034 1607 prensare

480 1610 781 1685 fugienteS,
816 1613 1178 1677 confirmat-Q
1227 1633 1327 1686 per
1357 1626 1533 1668 totum
1561 1611 1806 1686 denique
1834 1630 2028 1686 agmen

486 1690 679 1753 oculis,
714 1693 993 1757 manibuS,
1025 1693 1263 1747 clamore
1290 1692 1544 1747 volitare.
1632 1692 1856 1745 Dicitur
1883 1691 1942 1745 iu
1963 1691 2028 1744 il-

485 1769 536 1823 la
563 1770 981 1841 perturbatione
1011 1785 1063 1825 et
1092 1770 1160 1824 de
1190 1771 1452 1825 extremis
1481 1768 1698 1843 agitaffe
1725 1770 1935 1833 secum,
1979 1784 2032 1823 et

484 1848 560 1904 ita
600 1846 886 1902 manifesto
924 1849 1085 1903 vultu
1126 1848 1300 1911 suiffe,
1346 1848 1492 1921 quasi
1547 1867 1818 1922 occupare
1866 1867 2035 1901 manu

487 1941 723 1981 mortem
750 1928 947 1990 vellet3
982 1927 1081 1982 nist
1114 1926 1371 1983 cohortes
1400 1925 1640 1980 hostium
1662 1927 1908 2000 quinque
1933 1945 2036 1998 per

465 2004 843 2063 .transversam
872 2007 1042 2061 aciem
1070 2005 1218 2070 adtae,
1253 2026 1385 2078 quas
1411 2006 1686 2060 Labienus
1709 2004 2031 2078 periclitan-

491 2084 637 2137 tibus
687 2084 868 2138 castris
898 2077 1132 2139 subfidio
1183 2083 1424 2148 miserat,
1457 2083 1601 2158 fugae
1630 2083 1865 2157 speciem
1895 2102 2032 2156 prae·

488 2162 746 2217 buiffent.
838 2165 966 2217 Hoc
994 2178 1087 2216 aut
1112 2162 1224 2236 ipse
1249 2162 1505 2224 credidit,
1540 2177 1632 2216 aut
1658 2161 1779 2216 dux
1806 2161 2045 2217 callidus

493 2243 729 2315 arripuit
757 2243 816 2296 in
844 2241 1211 2297 occafionem:
1275 2255 1327 2294 et
1354 2241 1540 2314 quafi
1525 2259 1584 2293 m
1613 2240 1962 2315 fugientem
1949 2259 2037 2294 in-

491 2319 694 2384 veofius,
726 2321 881 2376 simul
937 2337 989 2375 ct
1020 2319 1243 2374 suorum
1297 2319 1470 2374 erexit
1495 2319 1733 2383 animoa,
1787 2335 1841 2374 et
1865 2318 2042 2374 hostes

493 2402 759 2471 perculit.
848 2403 994 2455 Nam
1020 2397 1104 2461 hi,
1132 2399 1268 2454 dum
1297 2397 1348 2452 se
1373 2412 1576 2471 putant
1601 2399 1842 2464 vincere,
1876 2397 2035 2452 forti-

494 2495 557 2530 us
584 2478 767 2552 sequi:
822 2478 1177 2553 Pompeiani,
1232 2476 1368 2531 dum
1397 2475 1586 2552 fugere
1626 2476 1860 2532 credunt
1889 2477 2034 2540 suos»,

500 2555 691 2632 fugere
719 2571 1023 2632 coeperunt.
1111 2559 1340 2634 Quanta
1364 2554 1532 2610 fuerit
1579 2553 1816 2610 hostium
1844 2555 2059 2620 caedes‚.

457 2650 471 2655 ”
497 2640 601 2702 ira,
632 2637 911 2710 rabiesque
936 2635 1258 2709 vietoribuS,
1286 2635 1356 2690 fic
1387 2634 1634 2690 aestimari
1662 2635 1860 2707 potest.
1913 2635 2043 2690 Hoc

492 2739 519 2772 a
552 2719 743 2789 praelio
772 2715 1027 2790 profugi,
1078 2735 1258 2790 quum
1285 2715 1334 2768 se
1363 2713 1640 2768 Mundam
1694 2712 2038 2788 recepissent,

492 2811 545 2851 et
572 2795 753 2852 Caesar
778 2794 1013 2850 obfideri
1040 2793 1216 2850 statim
1241 2792 1410 2848 viCtos
1449 2791 1781 2866 imperasset,
1815 2791 2043 2867 conges-

492 2876 559 2928 tis
600 2874 953 2929 cadavcribus
982 2893 1149 2948 agger
1173 2871 1391 2928 effeetus
1419 2870 1524 2925 est:
1583 2889 1699 2944 qua:
1729 2872 1864 2944 pilis
1882 2873 2039 2946 jacu-

489 2951 662 3026 lisque
690 2951 932 3015 confixa,
964 2952 1112 3005 inter
1136 2952 1185 3005 se
1217 2952 1564 3005 tenebantur.
1611 2952 1654 3005 F
1658 2949 1846 3004 oedurn
1877 2950 2042 3004 etiam

490 3034 639 3088 inter
666 3030 957 3085 barbaros!
1006 3028 1113 3084 Sed
1143 3029 1401 3086 videlicet
1425 3027 1711 3085 vietor-iam
1742 3027 2038 3103 desperan-

496 3112 646 3167 tibus
680 3108 941 3182 Pompeii
968 3108 1181 3173 liberis,
1220 3108 1456 3164 Cnaeum
1487 3109 1682 3182 praelio
1705 3107 2036 3183 profugum,

490 3208 649 3247 crure
685 3187 889 3253 sanein,
942 3186 1149 3246 deserta
1178 3202 1234 3242 et
1269 3187 1389 3244 avia
1415 3201 1719 3260 petentem,
1774 3185 2049 3242 Gesonius

484 3269 646 3348 apud
674 3270 989 3324 Lauronem
1018 3267 1306 3343 oppidum
1356 3266 1749 3341 consequutus,
1781 3285 2045 3341 pugnan-

1933 3358 2046 3400 tem
