2387 4040
620 358 1178 430 LIBERII.
1236 360 1441 428 CAP.
1513 356 1606 428 II.
1789 386 1921 454 175

362 473 511 563 pho,
547 507 652 563 per
678 489 848 545 vitam
873 507 1127 553 ornnem,
1159 489 1259 545 ubi
1286 508 1318 543 a
1345 508 1499 543 coena
1525 485 1754 554 rediret,
1783 506 1927 561 prae-

359 569 551 624 lucere
578 566 813 633 funalia,
847 568 1147 643 praecinere
1188 569 1286 623 fibi
1336 568 1499 623 tibias
1547 565 1721 643 justit,
1776 568 1927 641 quali

358 646 621 721 quotidie
675 646 1072 721 triumpharet.
1163 647 1284 703 Prae
1328 662 1478 702 tanta
1528 645 1758 702 vicloria
1808 648 1929 703 leve

359 725 532 802 hujus
561 727 740 800 praelii
766 725 1060 792 damnum,
1107 726 1247 783 alter
1297 726 1615 782 Consulum
1644 727 1926 801 intercep-

361 820 452 861 tus
479 805 655 861 Afina
684 805 985 861 Cornelius
1008 825 1022 860 ε
1070 807 1151 879 qui
1159 804 1395 875 simulato
1422 805 1648 879 colloquio
1676 816 1923 871 evocatus,

357 895 497 960 oeque
525 886 596 940 ila
622 881 1025 962 opprffasfui15
1066 884 1317 959 perfidiae
1349 885 1573 941 Punicae
1612 885 1925 941 documen·

362 979 509 1020 tum.
600 964 867 1021 Calatino
916 964 1225 1029 Distatore,
1282 965 1397 1021 fere
1435 965 1629 1019 omnia
1676 965 1929 1037 praefidia

360 1044 671 1101 Poenorum
698 1044 1050 1130 Agrigento⁴
1095 1043 1396 1119 DrepaniS,
1446 1061 1747 1117 panormO,
1780 1046 1928 1120 Ery-

360 1143 449 1187 c0‚
483 1123 740 1200 Lilybaeo
768 1123 1035 1179 detraxit.
1090 1124 1472 1199 Trepidatum
1501 1123 1573 1179 est
1597 1122 1762 1178 semel
1783 1124 1927 1180 circa

366 1203 848 1259 Camerinensium
861 1202 1079 1267 saltum,
1100 1202 1190 1260 sed
1214 1206 1419 1260 eximia
1440 1205 1646 1259 virtute
1674 1203 1924 1278 Calpur-

359 1284 445 1338 nii
476 1285 761 1349 Flammae,
792 1281 1040 1338 Tribuni
1062 1283 1344 1348 Militum,
1363 1282 1648 1348 evasimus,
1681 1283 1781 1356 qui
1811 1284 1924 1340 lec-

363 1378 416 1418 ta
446 1377 825 1434 trecentorum
875 1382 1072 1427 manu,
1132 1363 1393 1418 infestum
1442 1378 1496 1418 et
1542 1361 1796 1418 insessum
1856 1364 1926 1417 ab

359 1440 610 1498 hostibus
627 1442 912 1498 tumulum
927 1443 1244 1517 occupavit,
1265 1442 1521 1516 adeoque
1531 1455 1776 1496 moratus
1793 1440 1923 1496 hos-

359 1536 496 1589 tem,
529 1521 668 1577 dum
700 1520 975 1578 exercitus
1000 1522 1185 1578 omnis
1228 1521 1505 1586 evaderet,
1539 1517 1927 1594 pulcherrimo

361 1602 541 1666 exitu,
572 1600 1096 1677 Thermopylarum
1138 1616 1192 1656 et
1238 1599 1507 1657 Leonidae
1545 1599 1750 1656 famam
1779 1600 1926 1657 adae-

358 1682 588 1755 quavit:
637 1679 746 1735 hoc
787 1679 1059 1735 illustrior
1105 1682 1311 1745 noster,
1361 1681 1515 1756 quod
1568 1679 1926 1755 expeditioni

362 1774 527 1817 tantae
554 1760 887 1833 supervixit,
934 1761 1063 1815 licet
1105 1761 1253 1817 nihil
1300 1761 1576 1835 scripserit
1627 1759 1919 1836 sanguine.

354 1840 535 1895 Lucio
561 1840 834 1895 Cornelio
856 1839 1145 1913 Scipione,
1175 1862 1353 1917 quum
1359 1844 1480 1918 jam
1508 1840 1694 1897 Sicilia
1723 1841 1922 1895 subur-

360 1921 506 1974 bana
533 1918 659 1974 esset
688 1919 896 1993 Populi
924 1920 1173 1975 Romani
1202 1920 1516 1995 provincia,
1563 1920 1814 1993 serpente
1843 1921 1923 1973 la-

363 2000 474 2055 tius
500 2000 649 2055 bello
678 1997 998 2057 Sardiniam
1037 2018 1427 2074 annexamque
1461 1999 1740 2055 Corsicam
1770 2014 1921 2055 tran-

356 2080 450 2134 fit:
505 2081 599 2134 Ibi
646 2078 857 2144 Olbiae,
893 2078 988 2134 hic
1026 2080 1234 2137 Aleriae
1265 2080 1419 2135 urbis
1458 2079 1685 2136 excidio
1713 2079 1925 2135 incolas

362 2160 584 2223 terruit,
619 2157 873 2233 adeoque
901 2160 1142 2225 omneis,
1189 2175 1352 2224 terra,
1401 2160 1563 2223 mari,
1598 2159 1798 2213 Poenos
1823 2177 1922 2214 ex·

361 2241 663 2317 pugnavit,
697 2253 761 2294 ut
806 2239 926 2315 jam
962 2237 1205 2295 victoriae
1243 2237 1393 2294 nihil
1419 2239 1519 2301 nifi
1564 2236 1762 2293 Africa
1802 2238 1924 2312 ipsa

356 2319 601 2375 restaret.
633 2319 828 2373 Marco
856 2318 1070 2373 Attilio
1095 2319 1323 2394 Regulo
1351 2318 1493 2374 duce
1513 2319 1633 2393 jam
1661 2317 1722 2371 in
1752 2315 1918 2371 Afri-

363 2419 484 2456 cam
537 2398 833 2474 navigabat
882 2399 1131 2453 bellum:
1180 2400 1300 2454 Nec
1354 2397 1607 2463 deerant,
1648 2390 1747 2471 oui
1796 2396 1922 2471 ipso

362 2480 571 2534 Punici
619 2476 784 2532 maris
829 2479 1064 2533 nomine
1094 2499 1158 2533 ae
1198 2493 1406 2533 terrore
1451 2477 1777 2543 deficerent,
1819 2496 1920 2532 au·-

362 2572 529 2634 gente
555 2556 784 2631 insuper
805 2557 1068 2613 'l'ribuno
1093 2559 1308 2614 Nautio
1346 2572 1590 2612 metum:
1641 2556 1701 2610 in
1725 2575 1918 2629 quem,

362 2638 461 2692 nisi
475 2636 758 2711 paruisset,
785 2635 957 2692 securi
979 2635 1568 2710 districtadmperator
1589 2650 1742 2690 metu
1766 2653 1920 2690 mor·

364 2719 436 2774 tis
464 2715 771 2791 navigandi
792 2715 925 2771 fecit
951 2715 1263 2771 audaciam.
1321 2716 1467 2771 Mox
1493 2714 1695 2779 ventis,
1726 2713 1923 2768 remis-

354 2816 466 2873 que
497 2810 864 2870 properatum
893 2795 999 2851 est:
1052 2795 1344 2870 tantusque
1392 2809 1570 2850 terror
1594 2791 1792 2849 hostici
1820 2792 1922 2849 ad·-

353 2890 557 2934 ventus
598 2875 785 2931 Poenis
830 2875 964 2940 fuit,
1019 2890 1082 2929 ut
1120 2876 1327 2949 apertis
1370 2893 1526 2950 paene
1568 2871 1745 2949 portis
1776 2873 1919 2930 Car-

360 2954 533 3032 thago
560 2967 872 3029 caperetur.
963 2954 1150 3009 Prima
1191 2955 1327 3010 belli
1369 2958 1666 3029 praemium
1708 2951 1817 3009 fuit
1843 2953 1923 3008 ci-

359 3037 500 3093 vitas
532 3033 754 3110 Clypea
779 3058 794 3099 3
843 3033 1030 3108 prima
1058 3035 1213 3088 enim
1235 3054 1265 3089 a
1285 3035 1501 3090 Punico
1530 3035 1743 3097 littore,
1770 3032 1921 3112 quasi

271 3128 284 3142 ⁴
360 3134 461 3170 arx
491 3128 545 3169 et
600 3114 842 3186 specula,
900 3113 1205 3188 procurrit.
1297 3115 1368 3169 Et
1395 3113 1531 3180 haec,
1588 3127 1642 3168 et
1684 3126 1925 3167 trecenta

358 3193 605 3269 amplius
636 3191 874 3248 Castella
898 3191 1097 3249 vastata
1124 3192 1274 3248 sunt.
1363 3194 1481 3250 Nec
1509 3213 1638 3248 cum
1666 3189 1924 3246 homini-

369 3277 497 3341 bm,
543 3271 637 3329 sed
687 3290 816 3343 cum
868 3272 1125 3330 monstris
1176 3291 1402 3349 quoque
1446 3273 1777 3331 dimicatum
1804 3269 1919 3334 est3

1750 3367 1929 3425 quum
