2387 4040
612 372 1017 443 LIBER
1095 374 1216 444 IV.
1294 366 1493 445 cxv.
1540 377 1635 446 11.
1762 353 1889 471 253

337 517 671 557 moreretur.
763 502 908 579 Quis
952 522 1070 558 non
1112 502 1394 577 peractum
1427 504 1528 561 effe
1568 526 1696 562 cum
1727 505 1900 563 Pom·-

337 582 473 655 peio
524 581 772 636 crederet
820 582 1072 637 bellum?
1114 584 1266 657 atqui
1294 584 1471 639 acrius
1512 585 1696 640 multo
1739 601 1901 659 atque

336 657 723 715 vehementius
769 658 1072 717 Theffalici
1093 661 1342 717 incendii
1368 664 1580 719 cineres
1592 665 1895 720 recaluere.

340 740 414 793 Et
445 737 506 793 in
535 738 778 815 AEgypto
801 739 1031 813 quidem
1061 740 1318 797 adversus
1349 741 1617 798 Caesarem
1636 744 1745 798 fine
1769 763 1898 818 par·-

340 818 490 873 tibus
519 819 758 874 bellurn.
786 819 1021 896 Quippe
1042 839 1215 893 quum
1239 821 1577 878 Ptoiomaeus
1596 840 1695 876 rex
1717 821 1900 879 Alex-

345 895 579 962 andriae,
634 897 912 955 summurn
954 900 1133 957 civilis
1184 898 1316 954 belli
1372 900 1539 955 scelus
1587 900 1898 976 peregisset,

338 973 626 1049 foedusque
654 976 909 1033 amicitiae
952 996 1078 1031 curn
1116 977 1351 1043 Caesare,
1394 978 1582 1033 medio
1633 980 1893 1052 Pompeii

338 1054 520 1128 capite
550 1052 836 1120 sanxiffct3
877 1056 1152 1111 ultionem
1183 1058 1323 1111 tanti
1337 1058 1441 1112 viri
1464 1058 1727 1112 Manibus
1750 1055 1900 1130 qu'ae-

340 1148 497 1188 rente
528 1132 781 1207 fortuna,
814 1135 967 1189 causa
995 1154 1113 1189 non
1141 1134 1344 1190 defuit.
1419 1136 1726 1212 Cleopatra
1750 1137 1898 1212 regis

337 1206 515 1276 soror,
570 1209 737 1267 affusa
789 1212 1015 1270 Caesaris
1072 1214 1328 1289 genibuS‚
1364 1231 1577 1291 partem
1620 1216 1779 1291 regni
1811 1236 1897 1271 re-

271 1288 272 1295 ’
333 1291 613 1366 poscebat.
701 1290 918 1363 Aderat
945 1294 1144 1366 puella:
1172 1293 1374 1359 forma,
1405 1309 1457 1349 et
1485 1313 1605 1367 quae
1626 1294 1886 1368 duplica-

337 1385 492 1426 retur
518 1389 588 1423 ex
616 1370 741 1435 illo,
774 1370 931 1443 quod
963 1372 1079 1426 talis
1105 1372 1253 1447 passa
1276 1373 1569 1428 videbatur
1590 1373 1887 1448 injuriamt

340 1449 543 1504 odium
572 1447 741 1523 ipfius
766 1451 932 1525 regis,
965 1452 1061 1523 qui
1093 1453 1352 1525 Pompeii
1385 1452 1614 1516 caedem,
1649 1452 1899 1526 partium

340 1527 479 1592 fato,
512 1547 632 1583 non
664 1528 866 1586 Caesari
896 1528 1125 1584 dederat
1154 1554 1168 1593 3
1229 1529 1375 1585 haud
1405 1530 1577 1586 dubie
1606 1532 1668 1586 in
1716 1530 1902 1605 ipsum

338 1608 589 1673 ausurus,
625 1605 657 1661 fi
688 1605 1016 1682 expedisset.
1067 1610 1258 1684 Quam
1309 1610 1404 1664 ubi
1454 1610 1636 1666 Caesar
1687 1609 1900 1666 restitui

332 1686 485 1760 jussit
510 1686 571 1740 in
601 1705 866 1760 regnum,
902 1686 1080 1743 statim
1123 1689 1190 1743 ab
1233 1689 1436 1745 eisdem
1491 1688 1897 1763 percussoribus

338 1763 598 1838 Pompeii
626 1764 862 1821 obseffus
890 1766 949 1819 in
973 1767 1147 1841 tegi&
1185 1769 1436 1841 quamvis
1470 1770 1671 1845 exigua
1700 1789 1894 1836 manu,

343 1843 589 1920 ingentis
616 1845 889 1901 exercitus
905 1845 1113 1900 molem
1140 1849 1280 1902 mira
1301 1848 1504 1903 virtute
1521 1847 1899 1904 sustinuit.·Ac
1950 1900 1956 1906 .

344 1925 600 1999 primum
646 1923 1013 1979 aedificiorum
1045 1928 1462 1997 proximorum,
1491 1941 1652 2000 atque
1685 1928 1898 1982 navali-

339 2024 436 2059 um
468 2001 756 2067 incendic,
803 2002 1131 2060 infestorum
1159 2002 1403 2061 hostium
1448 2005 1555 2062 tela
1596 2005 1893 2072 submovit,

340 2102 474 2139 mox
505 2083 566 2136 in
621 2083 974 2156 peninsulam
1023 2083 1253 2140 Pharon
1281 2084 1490 2140 subitus
1519 2085 1710 2141 evafit:
1760 2086 1895 2142 inde

329 2161 613 2235 depulsus
644 2162 706 2214 in
748 2162 921 2217 maria
968 2164 1109 2219 mira
1146 2164 1407 2219 felicitate
1456 2164 1529 2219 ad
1578 2164 1899 2238 proximam

340 2239 561 2297 claffem
589 2241 852 2306 enatavit,
884 2241 1074 2298 reliffito
1102 2243 1334 2316 quidem
1361 2244 1421 2297 in
1456 2242 1711 2312 flufflbus
1736 2245 1898 2318 palu-

339 2320 626 2385 danicum,
658 2318 750 2374 seu
780 2318 919 2387 fato,
952 2320 1044 2376 seu
1070 2322 1330 2378 confilio:
1363 2337 1426 2378 ut
1453 2322 1599 2378 illud
1627 2324 1908 2399 ingruen-

342 2399 490 2455 tibus
519 2395 759 2454 hostium
796 2400 917 2455 telis
973 2400 1217 2475 saxisque
1246 2416 1550 2477 peteretur.
1634 2402 1899 2460 Tandem
1978 2413 1984 2420 ‘

341 2493 640 2553 receptusa
665 2477 888 2534 clafficis
910 2479 1041 2545 suiS‚
1067 2481 1319 2556 undique
1345 2480 1505 2537 fimul
1530 2478 1707 2537 hostes
1730 2483 1897 2539 ador-

342 2573 452 2622 tus,
484 2556 555 2611 de
582 2557 799 2613 imbelli
825 2579 886 2614 ac
907 2558 1121 2633 perfida
1142 2576 1305 2635 gente
1323 2560 1467 2636 justa
1490 2563 1677 2637 generi
1705 2562 1895 2617 Mani-

339 2639 441 2693 bus
492 2636 675 2691 dedit.
790 2639 1025 2714 Quippe
1088 2654 1142 2693 et
1202 2639 1537 2696 Theodotus
1613 2641 1890 2715 magister,

345 2715 642 2789 auctorque
673 2717 840 2772 totius
884 2718 1038 2781 belli,
1085 2733 1139 2773 et
1178 2739 1251 2773 ne
1289 2719 1474 2776 virilia
1502 2718 1731 2791 quidem
1759 2739 1894 2793 por-

342 2807 494 2850 tenta
519 2795 795 2852 Pothinus
823 2811 985 2872 atque
1011 2796 1393 2873 Ganymedes,
1419 2797 1629 2853 diversa
1651 2818 1751 2872 per
1776 2819 1896 2854 ma·-

339 2895 397 2929 re
423 2889 480 2928 ¹et
513 2889 681 2929 terras
717 2875 847 2951 fuga
876 2891 930 2930 et
958 2892 1139 2931 morte
1166 2876 1506 2951 consumpti.
1595 2878 1769 2954 Regis
1800 2878 1895 2953 ip-

339 2954 440 3008 fius
467 2972 669 3028 corpus
700 2956 969 3011 obrutum
997 2956 1134 3009 limo
1170 2971 1453 3031 repertum
1506 2955 1576 3012 est
1631 2958 1692 3013 in
1721 2977 1893 3015 aureae

338 3030 519 3088 loricae
567 3032 807 3089 honore.
896 3034 968 3089 In
1018 3034 1148 3089 Afia
1205 3055 1428 3109 quoque
1477 3055 1655 3092 novus
1705 3056 1894 3092 rerum

263 3155 274 3168 .
336 3126 526 3166 motus
555 3133 585 3167 a
610 3113 818 3179 Ponto,
854 3114 1019 3187 plane
1053 3114 1202 3188 quafi
1235 3114 1305 3169 de
1336 3114 1606 3170 industria
1634 3131 1889 3190 captante

338 3190 566 3246 fortuna
620 3188 772 3247 hunc
823 3190 1212 3248 Mithridatico
1265 3212 1437 3270 regno
1467 3194 1704 3261 exitum,
1754 3210 1816 3250 ut
1859 3215 1892 3250 a

342 3270 622 3346 Pompeio
652 3285 831 3346 pater,
864 3292 895 3329 a
926 3271 1139 3331 Caesare
1165 3273 1313 3330 filius
1338 3273 1676 3331 vinceretur.
1763 3275 1892 3332 Rex
1950 3303 1955 3308 ·

1091 3353 1143 3406 Y
1577 3352 1890 3410 Pharnaces
