2387 4040
469 337 601 434 ,ω’
710 364 779 433 c.
838 358 1249 432 CRISPJ
1285 358 1905 431 SALLUSTII

465 493 610 550 vasta
636 490 739 548 effe
765 505 1135 568 cognoverat3
1191 505 1378 546 tamen
1430 488 1524 563 spe
1574 488 1839 564 patrandi
1867 491 2029 559 belli,

461 575 506 631 fi
534 575 650 651 ejus
677 570 888 647 oppidi
915 572 1129 646 potitus
1158 570 1325 636 foret,
1358 570 1543 626 omnis
1593 569 1909 644 asperitates
1941 572 2033 630 su-

469 652 801 730 pervadere,
833 672 893 709 ac
917 668 1178 708 naturam
1208 652 1377 706 etiam
1408 649 1628 707 vincere
1679 649 2029 725 adgreditur.

361 765 382 772 -
466 736 652 811 Igitur
678 733 872 789 omnia
914 734 1173 809 jumenta
1201 729 1425 787 sarcinis
1472 730 1645 786 levari
1686 731 1875 806 jubet,
1929 732 2033 788 nili

469 813 758 871 frumento
807 813 1031 868 dierum
1081 801 1307 868 decssm:
1354 825 1600 866 ceterum
1650 825 1796 865 utres
1823 811 2023 879 mod0,

465 910 523 952 et
549 894 658 954 alia
684 914 835 969 aquae
860 893 1069 950 idonea
1116 890 1360 966 portari.
1452 891 1720 946 Praeterea
1744 892 2034 965 conquirit

462 995 536 1032 ex
582 976 727 1053 agris
775 994 948 1049 quam
975 972 1292 1046 plurimum
1320 969 1498 1046 potest
1529 969 1735 1026 domiti
1764 973 2021 1044 pecoris;

462 1075 645 1130 eoque
671 1055 902 1130 inponit
925 1052 1047 1108 vasa
1077 1051 1344 1127 cujusque
1389 1048 1574 1116 modi,
1619 1052 1887 1126 pleraque
1916 1052 2027 1129 lig·

463 1155 596 1202 nea,
645 1132 874 1190 colletsta
901 1152 971 1188 ex
1021 1133 1263 1207 tuguriis
1311 1130 1719 1188 Numidarum.
1792 1121 2029 1189 Ad'boc

460 1214 724 1275 finitimis
751 1216 1009 1287 imperat,
1040 1214 1142 1286 qui
1170 1211 1221 1267 se
1244 1210 1367 1286 post
1398 1211 1547 1284 regis
1573 1210 1767 1286 fugam
1795 1212 2027 1269 Metello

460 1293 821 1359 dediderant,
849 1292 1337 1368 quamplurimum
1361 1290 1595 1365 quisque
1629 1311 1782 1366 aquae
1816 1307 2026 1368 ‚porta-

455 1391 545 1434 ‘ret
562 1395 580 1431 t
612 1374 789 1441 diem,
815 1374 1139 1448 locumque,
1168 1374 1270 1429 ubi
1292 1371 1486 1447 praesto
1511 1370 1720 1437 forent,
1739 1371 2020 1446 predicit.

460 1457 589 1533 Ipse
614 1477 683 1513 ex
710 1455 967 1520 flumine,
998 1474 1170 1529 quam
1200 1472 1540 1529 proxumam
1570 1451 1793 1526 oppido
1821 1473 2024 1528 aquam

459 1536 567 1595 effe
595 1538 760 1612 supra
789 1535 1067 1596 diximus.
1114 1536 1372 1611 jumenta
1410 1546 1626 1588 onerat.
1714 1533 1799 1589 Eo
1846 1534 2024 1589 modo

455 1617 754 1677 insti-usius
781 1616 850 1672 ad
873 1614 1118 1671 Thalam
1140 1612 1536 1689 proficiscitur.
1582 1612 1807 1668 Deinde
1822 1613 1919 1670 ubi
1949 1614 2023 1671 ad

456 1698 524 1755 id
572 1697 686 1752 loci
732 1710 990 1760 ventum,
1043 1693 1201 1770 quod
1246 1693 1520 1750 Numidis
1548 1709 1919 1769 praeceperam
1966 1710 2024 1750 et

457 1776 628 1835 castra
656 1776 853 1851 pofita,
885 1775 1215 1850 munitaque
1243 1773 1404 1839 sunt3
1456 1788 1607 1829 tanta
1624 1789 1853 1850 repente
1881 1776 2022 1832 coelo

454 1856 618 1934 miffa
641 1858 726 1916 vis
752 1876 909 1932 aquae
934 1855 1169 1920 dicitur,
1206 1870 1271 1910 ut
1297 1874 1360 1910 ea
1389 1853 1565 1911 modo
1590 1855 1861 1911 exercitui
1894 1855 2020 1911 satis

457 1938 733 2016 superque
756 1935 922 1993 foret.
968 1935 1235 1992 Praeterea
1256 1949 1601 1992 commeatus
1615 1933 1710 2009 spe
1735 1935 1982 2010 amplior
1997 1956 2014 1991 ι

458 2022 595 2097 quia
619 2017 910 2085 Numidae,
944 2017 1097 2074 sicuti
1129 2015 1388 2092 plerique
1432 2014 1493 2072 in
1521 2034 1668 2072 nova
1696 2013 2013 2083 deditione,

454 2101 643 2158 officia
682 2097 1066 2157 intenderant.
1140 2096 1410 2160 Ceterum
1448 2096 1680 2161 milites,
1713 2096 2014 2173 religione,

386 2181 392 2188 ’
455 2181 657 2260 pluvia
683 2181 859 2258 magis
882 2178 983 2245 ufi,
1011 2198 1183 2253 eaque
1206 2196 1291 2233 res
1315 2177 1560 2233 multum
1587 2176 1791 2233 animis
1819 2196 2018 2235 eorum

455 2261 685 2319 addidit
702 2285 717 2328 ς
754 2280 888 2317 nam
908 2261 1013 2315 rati
1041 2260 1146 2316 sese
1167 2259 1296 2315 Diis
1314 2258 1709 2314 inmortalibus
1726 2277 1868 2314 eurae
1886 2257 2013 2315 effe.

459 2340 684 2400 Deinde
712 2342 934 2416 postero
959 2340 1073 2405 die,
1107 2354 1303 2397 contra
1332 2338 1670 2414 opinionem
1683 2336 2033 2414 Jugurthae„

455 2423 528 2477 ad
553 2420 800 2477 Thalam
842 2416 1206 2494 perveniunt.
1295 2417 1622 2493 Oppidani,
1648 2418 1749 2494 qui
1776 2418 1829 2474 se
1858 2419 2014 2475 loeo·-

451 2521 585 2558 rum
614 2500 914 2576 asperitate,
931 2501 1182 2556 munitos
1210 2497 1590 2565 crediderant,
1620 2518 1822 2575 magna
1850 2513 2015 2575 atque

452 2581 679 2639 insolita
703 2602 761 2637 re
791 2580 1046 2658 perculsi,
1079 2580 1269 2639 nihilo
1290 2579 1509 2656 segnius
1538 2580 1749 2635 bellum
1776 2594 2005 2654 parare:

450 2663 607 2721 idem
633 2660 806 2719 nostri
832 2660 1029 2719 facere.
1206 2680 1211 2685 ’

521 2824 836 2880 ,Lxx1x.
872 2824 979 2881 Sed
1006 2844 1105 2880 rex
1131 2823 1284 2881 m'hil
1304 2826 1424 2901 jam
1469 2823 1702 2899 Metello
1743 2819 2013 2881 infestum

450 2902 706 2968 credens,
757 2905 973 2978 quippe
1025 2906 1124 2979 qui
1171 2908 1386 2971 omnia,
1433 2925 1606 2969 arma,
1659 2904 1791 2969 tela,
1838 2904 2010 2969 locos,

417 2990 424 2995 ’
455 3000 733 3060 tempora,
770 2982 1014 3057 denique
1043 2985 1321 3041 Naturam
1361 2985 1560 3060 ipsam,
1608 2985 1803 3066 ceteris
1829 2983 2013 3059 impe-

455 3065 743 3129 ritantem,
774 3061 1046 3119 industria
1070 3065 1299 3131 vicerat,
1323 3087 1453 3122 cnm
1479 3064 1691 3128 liberis,
1726 3079 1782 3119 et
1809 3083 2014 3140 magna

454 3158 619 3223 parte
647 3143 896 3220 pecuniae
925 3162 992 3203 ex
1020 3144 1243 3221 oppido
1291 3146 1462 3203 nediu
1489 3144 1775 3222 profugit3
1827 3164 2011 3219 neque

445 3225 636 3305 postea
663 3227 727 3282 in
754 3224 884 3281 ullo‘
901 3224 1025 3281 loco
1048 3225 1293 3302 amplius
1319 3247 1434 3282 una
1454 3226 1571 3292 die,
1598 3239 1694 3283 aut
1716 3243 1830 3281 una
1851 3224 2012 3281 noae

449 3321 722 3375 moratuS,
752 3305 1059 3375 simulabat,
1093 3307 1200 3364 sese
1228 3307 1445 3386 negotii
1472 3307 1649 3385 gratia
1670 3323 2003 3381 properare;

1760 3399 2007 3443 ceterum
