2387 4040
455 371 613 443 ‘160
761 372 846 440 L.
901 368 1325 446 ANNAEI
1390 372 1746 445 FLOR!

471 498 735 558 Romana
762 502 961 558 virtus.
1038 504 1428 579 Jamptimum
1455 505 1688 581 majores
1720 519 1879 570 natu,
1913 525 2042 560 am-

469 582 721 656 pliffimis
772 582 850 637 usi
877 583 1215 650 honoribuS‚
1259 584 1320 637 in
1349 584 1535 640 forum
1563 600 1791 651 coeunt,
1824 585 1907 639 ibi
1935 585 2038 639 de·

466 676 707 717 vovente
735 662 1033 729 pontifice,
1068 664 1193 718 Diis
1246 662 1295 718 fe
1349 664 1614 720 Manibus
1671 664 1996 721 consecrant
2015 683 2032 717 z

470 741 759 816 statimqne
782 741 839 795 in
868 742 985 798 suas
1006 742 1238 817 quisque
1259 743 1400 799 aedes
1422 744 1661 818 regrefli‚
1681 743 1813 799 ficut
1835 746 1898 798 in
1925 759 2036 798 tra-

469 824 585 875 beis
616 837 795 885 erant,
828 838 881 878 et
908 822 1245 897 amplissimo
1269 825 1447 887 cultu,
1480 826 1541 878 in
1569 823 1860 879 curulibus
1874 823 2037 878 sellis

462 901 570 956 sese
609 902 950 976 posuerunt:
1010 917 1095 968 ut,
1127 921 1309 976 quum
1333 901 1560 959 venisset
1587 902 1783 968 hostis,
1842 902 1905 957 in
1934 903 2034 959 sua

468 980 741 1055 dignitate
793 997 1168 1036 morerentur.
1263 982 1585 1047 Pontifices,
1621 997 1675 1037 et
1723 981 2030 1048 filamines,

461 1062 735 1135 quicquid
783 1061 1245 1134 religioliffirnum
1289 1063 1351 1117 in
1381 1064 1606 1135 templis
1632 1078 1771 1127 erat,
1824 1063 2037 1135 partim

461 1142 524 1194 in
550 1138 720 1196 doliis
747 1138 974 1203 defossa,
1006 1157 1150 1196 terra
1169 1140 1508 1206 recondunt,
1540 1140 1744 1216 partim
1772 1141 2036 1215 impolita

457 1218 716 1294 planstris
758 1220 939 1274 seeum
970 1219 1249 1275 auferunt.
1337 1220 1597 1296 Virgines
1629 1218 1789 1276 fimul
1842 1239 1915 1276 ex
1948 1220 2032 1275 sa-

458 1298 716 1356 cerdotio
740 1299 944 1366 Vestae,
973 1299 1162 1354 ·nudo
1185 1299 1329 1373 pede
1359 1299 1629 1376 fugientia
1677 1300 1820 1357 sacra
1846 1301 2031 1356 comi-

465 1394 677 1435 tantur.
765 1380 987 1435 Tamen
1019 1378 1294 1454 excepisse
1338 1377 1612 1456 fugientes
1640 1399 1787 1435 unus
1811 1400 1838 1433 e
1867 1381 2036 1455 plebe

462 1459 640 1514 fertur
760 1462 877 1516 cius
906 1460 1161 1515 Albinus
1184 1460 1284 1533 qui
1312 1459 1574 1532 depositis
1603 1479 1780 1514 uxore
1809 1474 1863 1513 et
1890 1461 2032 1514 libe-

461 1540 556 1603 fis,
586 1460 858 1615 Vifflies
885 1539 947 1594 in
969 1537 1277 1615 plaustrum
1301 1540 1508 1614 recepit
1530 1564 1547 1604 ς
1578 1538 1717 1594 adeo
1744 1553 1864 1594 tum
1886 1558 2036 1612 quo-

457 1639 566 1693 que
617 1618 677 1673 in
706 1619 920 1673 ultimis
973 1618 1171 1693 religio
1203 1619 1428 1692 publica
1480 1619 1713 1694 privatis
1741 1616 2029 1689 affefiibus

461 1698 849 1752 antecellebat.
928 1699 1206 1769 Juventus
1259 1717 1414 1762 vere,
1445 1718 1614 1774 quam
1668 1696 1794 1753 satis
1823 1699 2037 1756 constat

454 1778 551 1831 vix
594 1776 747 1830 mille
774 1774 1082 1832 hominum
1134 1774 1311 1843 fuisse,
1348 1777 1488 1834 duce
1545 1776 1788 1842 Manlio,
1848 1797 2032 1835 arcem

459 1855 778 1931 Capitolini
810 1858 1045 1912 „montis
1073 1851 1303 1924 insedit,
1357 1857 1637 1913 obtestans
1660 1856 1844 1932 ipsum
1882 1860 2031 1932 quasi

465 1936 790 2011 praesentem
807 1937 1036 2009 Jovem‚
1065 1946 1118 1990 ut
1140 1938 1532 2011 quemadmodum
1558 1932 1650 2011 ipst
1668 1937 1736 1992 ad
1761 1933 2033 2007 defenden-
2062 1962 2071 1970 “

461 2020 577 2072 dum
603 2014 827 2089 templum
856 2014 959 2090 ejus
987 2011 1352 2091 concurrzffimt,
1385 2018 1457 2073 im
1509 2017 1594 2073 ille
1614 2017 1842 2074 virtutem
1868 2037 2032 2074 eorum

455 2100 656 2152 numine
662 2097 764 2169 filo
788 2107 1018 2154 tueretur.
1107 2096 1370 2153 Aderant
1397 2097 1623 2153 interim
1651 2097 1828 2162 Galli,
1864 2116 2028 2172 aper·-

461 2194 681 2252 tamque
705 2179 920 2235 Urbem
943 2178 1131 2252 primo
1161 2177 1395 2251 trepidi,
1421 2197 1492 2232 ne
1515 2177 1639 2251 quis
1664 2175 1892 2232 subesset
1917 2176 2026 2232 do-

460 2259 582 2313 lus:
618 2277 759 2314 mox
789 2258 886 2313 ubi
915 2257 1276 2313 solitudinem
1302 2256 1520 2321 vident,
1550 2258 1674 2331 pari
1702 2255 1951 2313 clamore
1972 2272 2029 2313 et

455 2339 676 2411 impetu
704 2337 998 2393 invadunt.
1051 2338 1308 2391 Patentes
1334 2336 1530 2411 passim
1553 2336 1755 2392 domos
1777 2335 2022 2393 adeunt:

457 2417 558 2471 ubi
586 2415 834 2471 sedentes
885 2417 947 2471 in
976 2415 1262 2471 curulibus
1289 2416 1398 2472 suis
1452 2430 1805 2490 praetextatos
1847 2414 2023 2485 senes,

371 2542 380 2547 -
457 2497 609 2549 velut
641 2496 792 2566 Deos
845 2496 1189 2569 Geniosque‚
1238 2496 1519 2552 venerati:
1581 2516 1718 2552 mox
1771 2494 2021 2564 eosdem,

458 2574 750 2650 postquam
778 2575 879 2632 effe
901 2574 1160 2631 homines
1186 2575 1460 2649 liquebat,
1492 2575 1708 2650 alioqui
1730 2574 1882 2630 nihil
1912 2576 2025 2632 res-e

460 2655 716 2730 pondere
745 2657 1064 2749 dignante&
1114 2657 1239 2729 pari
1266 2654 1529 2712 vecordia
1557 2653 1820 2721 uastant,
1854 2653 2024 2711 faces·

458 2757 570 2811 que
599 2734 746 2791 ecelis
773 2738 1072 2813 injiciunt.
1104 2749 1157 2790 et
1179 2750 1355 2790 totam
1380 2735 1621 2800 Urbem,
1652 2737 1811 2810 igne,
1844 2734 2023 2803 ferra,

456 2817 738 2882 manibus,
774 2833 1088 2891 exaequant.
1175 2816 1286 2871 Sex
1314 2815 1591 2870 menfibus
1630 2812 1898 2883 barbari(
1881 2810 2027 2889 (Quis

457 2894 708 2950 erederet
724 2896 770 2966 P)
798 2896 942 2951 circa
971 2910 1229 2950 montem
1257 2914 1439 2951 unum
1465 2894 1886 2969 pependerunt,
1919 2915 2026 2952 nec

453 2973 655 3029 diebus
698 2973 895 3041 mod0‚
929 2974 1020 3030 sed
1049 2975 1306 3031 noelibus
1347 2993 1571 3049 quoque
1599 2975 1793 3030 omnia
1818 2994 2025 3049 exper-

458 3055 535 3108 ti:
583 3072 759 3127 quum
787 3054 1011 3109 tandem
1037 3054 1289 3110 Manlius
1317 3053 1478 3110 noete
1505 3053 1824 3119 subeuntes,
1868 3055 2025 3110 elan-

459 3152 594 3211 gore
622 3134 832 3189 anseris
858 3135 1147 3199 excitum,
1181 3154 1213 3188 a
1245 3134 1455 3189 summa
1494 3153 1636 3209 rupe
1677 3133 1912 3209 dejecit.
1968 3149 2025 3191 et

455 3231 521 3277 ut
546 3216 701 3291 spem
742 3215 992 3270 hostibus
1028 3215 1297 3279 demeret,
1337 3232 1663 3287 quanquam
1708 3212 1772 3267 in
1803 3213 2024 3271 summa

456 3297 623 3363 fame,
659 3312 845 3352 tamen
874 3292 946 3351 ad
989 3294 1225 3370 speciem
1266 3292 1507 3359 fiduciae‚
1563 3310 1736 3367 panes
1778 3292 1848 3348 ab
1897 3312 2021 3350 arce

1155 3399 1166 3403 -
1737 3372 2021 3449 jaculatus
