2387 4040
531 370 538 375 ·
593 368 998 436 LIBER
1072 367 1199 436 111.
1254 334 1715 437 ckaxxn.
1823 385 1948 456 ψ

393 494 582 552 modo
609 511 792 553 morte
842 497 1092 553 damnati
1118 497 1251 552 duci
1270 498 1572 572 jubentur:
1633 494 1702 551 fic
1729 495 1973 554 damna-t

405 589 518 630 tam
541 575 824 631 civitatem
843 577 998 654 juffit
1023 577 1176 634 Sulla
1200 575 1401 631 deleri.
1422 618 1429 625 .

825 761 878 815 C
958 761 1019 818 A
1061 754 1195 818 *Px
1327 760 1542 816 XXII.

898 919 1087 1002 Bellum
1125 919 1479 976 Seuerianam.

409 1078 418 1085 ’
545 1055 591 1110 E
611 1055 657 1110 L
676 1054 872 1111 LUM
924 1052 1306 1109 Sertorianum
1356 1051 1502 1124 ‘quid
1561 1053 1738 1120 aliud,
1801 1072 1972 1128 quam

325 1125 338 1133 ’
570 1134 812 1191 Sullanae
833 1130 1258 1208 proscriptionis
1282 1129 1558 1186 hereditas
1586 1132 1694 1187 fuit
1714 1134 1740 1173 ⁹
1769 1131 1969 1191 hostile

406 1213 620 1287 potiuS‚
654 1233 725 1267 an
754 1213 914 1269 civ'rie
943 1211 1224 1273 dixerim}
1279 1209 1461 1266 nescio
1482 1231 1496 1265 ε
1521 1204 1529 1211 ”
1551 1213 1763 1288 quippe
1806 1214 1970 1286 ,quod

405 1291 654 1347 Lusitani
680 1292 1064 1365 Celtiberique
1086 1292 1350 1345 Romano
1373 1289 1627 1365 gesserint
1651 1292 1811 1348 duce.
1852 1296 1969 1351 Ex*-

341 1385 348 1390 '
404 1371 467 1427 ul
496 1385 548 1425 et
604 1369 881 1446 profugus
936 1370 1118 1424 feralis
1148 1368 1297 1421 illius
1356 1370 1573 1434 tabulae‚
1609 1371 1693 1425 vir
1746 1371 1969 1432 summae

400 1450 660 1528 quidem,
696 1449 788 1506 sed
827 1449 1158 1506 calamitosa:
1187 1447 1433 1510 virtum,
1470 1451 1629 1507 malis
1657 1449 1761 1505 suis
1794 1454 1969 1509 maria

402 1530 680 1605 terrasque
701 1529 1057 1604 permiscuit:
1087 1543 1144 1582 et
1176 1527 1297 1601 jam
1322 1526 1551 1591 Africae,
1572 1531 1689 1602 jam
1717 1530 1967 1587 Baleari·

397 1611 504 1666 bus
526 1602 746 1673 insumi,
773 1610 1057 1666 fortunam
1081 1621 1365 1681 expertus,
1390 1606 1677 1682 miffusque
1698 1610 1759 1664 in
1784 1608 1965 1669 Ocea·-

400 1711 566 1756 aum‚
618 1688 1049 1761 Fortunatasque
1090 1687 1294 1741 insulas
1339 1686 1684 1760 penetravit:
1737 1691 1965 1749 tandem
2020 1690 2029 1699 ⁸

402 1770 745 1844 Hispaniam
777 1769 1027 1824 armavit.
1117 1766 1267 1821 Viro
1312 1787 1441 1820 cum
1468 1766 1598 1822 viris
1627 1765 1785 1825 facile
1829 1791 1967 1827 con-

401 1851 579 1905 venit.
672 1852 790 1906 Nec
816 1849 948 1903 alias
979 1846 1154 1920 magis
1192 1847 1455 1918 apparuit
1482 1846 1723 1919 Hispani
1772 1850 1966 1908 militis

401 1931 592 2005 figor,
626 1949 794 2004 quam
825 1930 1086 1984 Romano
1119 1923 1284 1978 duce.
1359 1925 1700 2000 Quanquam
1728 1928 1824 1981 ille
1847 1948 1965 1987 non

400 2024 700 2066 contentus
725 2006 1021 2084 Hispania,
1050 2001 1120 2059 ad
1145 2001 1538 2059 Mithridatem
1558 2024 1785 2079 quoque
1813 2008 1964 2065 Pon-

405 2089 651 2164 ticosque
679 2089 943 2165 respexit,
977 2102 1274 2158 regemque
1302 2082 1457 2138 claffe
1475 2082 1645 2157 juvit.
1722 2088 1793 2142 Et
1822 2090 1960 2162 quid
1998 2150 2014 2159 ἡ

406 2166 660 2227 futurum
687 2168 794 2226 fuit
812 2169 838 2223 P
866 2166 990 2221 satis
1020 2177 1175 2218 tanto
1205 2160 1347 2217 hosti
1374 2180 1490 2218 uno
1515 2163 1852 2238 imperatore
1874 2189 1960 2225 re-

403 2246 578 2305 fistere
607 2270 691 2305 res
723 2251 983 2305 Romana
1006 2262 1125 2297 non
1156 2242 1368 2316 potuit.
1455 2240 1708 2300 Additus
1728 2245 1963 2306 Metello

407 2327 615 2387 Cnaeus
645 2328 973 2403 Pompeius.
1061 2321 1146 2376 Hi
1174 2321 1363 2394 copias
1388 2321 1493 2377 viri
1520 2320 1622 2376 diu
1654 2337 1709 2378 et
1734 2327 1967 2401 ancipiti

405 2406 624 2484 semper
642 2409 757 2465 acie
780 2405 1067 2464 attrivere:
1088 2420 1200 2456 ‘nec
1222 2413 1408 2458 tamen
1425 2402 1579 2474 prius
1603 2402 1773 2470 bello,
1797 2425 1987 2480 quam-

403 2485 634 2544 suorum
660 2488 855 2543 scelere
903 2499 955 2539 et
980 2479 1217 2545 insidiis,
1262 2479 1536 2535 extine'tus
1563 2479 1659 2538 est.
1751 2485 1963 2561 Copias

404 2571 520 2646 ejus
547 2586 729 2642 prope
776 2580 889 2620 tota
918 2561 1193 2634 Hispania
1219 2559 1559 2632 persequuti,
1602 2562 1782 2632 diu-et
1808 2568 1964 2621 anci·

401 2649 509 2722 piti
537 2648 754 2721 semper
778 2645 893 2700 acie
921 2641 1314 2697 domaverunt.
1405 2638 1587 2693 Prima
1617 2661 1714 2715 per
1756 2642 1964 2717 legatos

397 2727 701 2782 certamina
720 2724 929 2787 habita,
957 2739 1133 2794 quum
1149 2716 1283 2773 hinc
1304 2716 1587 2782 Domitius
1609 2734 1662 2774 et
1682 2719 1955 2789 Thorium

401 2791 855 2862 inde⁷Herculeii
884 2798 1282 2874 proluderentz
1317 2816 1454 2854 mox
1494 2796 1583 2854 his
1610 2799 1760 2873 apud
1789 2800 1961 2879 Sego-

399 2887 583 2949 viam3
620 2884 730 2938 illis
759 2881 913 2955 apud
943 2882 1135 2936 Anam
1154 2878 1373 2955 =flumen
1401 2878 1692 2950 oppmffis,
1727 2881 1826 2955 ipfi
1850 2883 1957 2938 du-

400 2984 488 3020 ces
513 2964 769 3019 cominus
798 2963 1034 3016 invicem
1057 2962 1301 3032 experti,
1328 2959 1481 3032 apud
1505 2957 1847 3025 bautonem,
1873 2976 1957 3016 at·

394 3063 520 3118 que
559 3043 889 3105 Sucronem,
942 3057 1221 3113 aequavere
1260 3037 1464 3095 clades.
1548 3038 1703 3093 Tum
1749 3040 1859 3095 illis
1886 3040 1958 3095 ad

397 3123 833 3198 populationem
882 3136 1162 3195 agrorum,
1216 3117 1315 3178 his.
1354 3114 1425 3170 ad
1471 3118 1696 3173 urbium
1743 3118 1961 3174 excidia

396 3201 688 3264 conversis,
745 3197 934 3255 misera
985 3201 1128 3253 inter
1155 3199 1445 3252 Romanos
1490 3194 1656 3251 duces
1686 3196 1962 3270 Hispania

289 3277 300 3300 ⁸
387 3278 686 3358 discordiae
713 3295 905 3355 poenas
937 3279 1136 3342 dabat-2
1170 3276 1352 3334 donec
1381 3271 1636 3351 oppresso
1664 3275 1961 3332 domestica

1150 3357 1214 3412 X
1775 3353 1970 3411 fraude
