2387 4040
514 376 1005 446 BELLUM
1043 374 1664 474 JUGURTH.
1804 320 1954 470 73²

321 511 593 568 declarati
625 510 689 566 Ρ.
722 510 914 583 Scipio
937 507 1148 572 Nasica,
1183 508 1255 564 L.
1285 507 1459 566 Bestia
1485 508 1872 585 Calpurnius;

326 591 652 665 Calpurnio
680 587 976 652 Numidia,
1009 586 1263 660 Scipioni
1291 589 1455 643 Italia
1468 590 1717 646 obvenit.
1766 590 1884 644 De.-

327 669 464 724 inde
494 669 790 734 exercitus,
823 668 922 742 qui
970 667 1033 722 in
1084 665 1341 721 Africam
1381 683 1718 741 portaretur,
1745 669 1883 743 xscri·

326 749 511 803 bitur:
558 747 925 822 stipendium,
985 745 1225 819 aliaque,
1285 764 1405 820 quae
1438 746 1587 803 bello
1619 747 1742 804 usui
1792 750 1879 805 fo·

308 842 478 893 sent,
509 825 914 883 decernuntur.
1803 828 1808 837 '

419 984 631 1040 XXX.
666 984 750 1038 At
769 983 1078 1060 jugurtha,
1131 1002 1325 1042 contra
1357 986 1511 1063 spem
1550 988 1765 1043 nuncio
1797 988 1884 1043 ac·

336 1080 524 1139 cept0‚
558 1065 773 1138 quippe
801 1064 916 1128 cui,
970 1066 1165 1121 Romae
1195 1067 1384 1122 omnia
1409 1066 1619 1132 venire,
1674 1067 1733 1121 in
1762 1068 1910 1123 ani·-

336 1163 432 1199 mo
460 1142 719 1207 haeserat3
781 1143 982 1209 filium,
1018 1158 1072 1198 et
1097 1161 1236 1201 cum·
1273 1165 1339 1201 eo
1395 1145 1536 1202 duos
1591 1144 1889 1203 familiares

340 1222 412 1278 ad
438 1222 705 1278 Senatum
745 1223 954 1296 legatos
982 1224 1186 1288 mittit3
1237 1224 1433 1298 iisque,
1467 1224 1550 1281 uti
1576 1225 1710 1288 illis,
1741 1246 1889 1301 quos

341 1299 663 1375 Hiempsale
691 1299 980 1356 interfecflo
1004 1303 1242 1367 miserat,
1279 1304 1553 1379 praecipit,
1582 1306 1732 1359 omnis
1758 1324 1887 1361 mor·

338 1381 449 1437 talis
467 1381 675 1454 pecunia
701 1379 1071 1451 adgrediuntur.
1161 1382 1280 1459 Qui
1310 1382 1601 1456 postquam
1641 1384 1889 1438 Romam

345 1460 753 1523 adventabant3
801 1458 1033 1515 Senatus
1060 1481 1092 1515 a
1119 1462 1299 1516 Bestia
1338 1461 1619 1516 consultus
1657 1461 1752 1525 est,
1778 1462 1892 1533 pla-

341 1548 528 1595 cereme
552 1539 735 1610 legatos
748 1537 1019 1616 Jugurlhae
1046 1540 1199 1612 recipi
1219 1538 1480 1595 mnibus:
1524 1540 1675 1613 iique
1701 1539 1893 1597 decre·-

345 1638 497 1684 vere,
531 1616 602 1671 Ν
599 1614 658 1686 gli
683 1635 904 1689 regnunt,
937 1616 1178 1694 ipsumque
1219 1618 1432 1673 deditum
1457 1606 1709 1694 venissent,
1740 1621 1812 1675 uti
1835 1619 1896 1675 in

344 1698 510 1753 diebus
527 1697 775 1770 proxumis
799 1697 962 1750 decem
993 1697 1145 1753 Italia
1171 1699 1470 1753 decederent.
1523 1697 1740 1755 Consul
1766 1700 1893 1755 Nu-

344 1777 516 1832 midis
548 1797 617 1831 ex
643 1775 829 1831 Senati
869 1774 1092 1833 decreto
1139 1776 1395 1833 nunciati
1416 1776 1600 1852 jubet.
1687 1780 1775 1834 Ita
1805 1778 1894 1833 in·

344 1855 495 1912 scistis
525 1856 687 1910 rebus
715 1853 802 1909 illi
831 1852 1068 1910 domum
1097 1855 1408 1911 discedunt.
1497 1856 1731 1912 Interim
1758 1857 1897 1914 Cal-

344 1936 610 2012 purniuS,
642 1947 836 2008 parato
856 1933 1125 2000 exercitu,
1183 1936 1330 2010 legat
1377 1935 1473 1992 fibi
1502 1934 1759 1991 homines
1787 1955 1895 1990 no·

346 2015 511 2080 biles,
570 2012 845 2077 ἷειὲὶίοΐοε,
906 2033 1151 2087 quorum
1203 2014 1543 2077 aueloritatm
1601 2034 1720 2088 quae
1748 2013 1892 2070 deli-

348 2093 568 2170 quisset,
599 2093 818 2146 munita
838 2089 959 2147 fore
988 2093 1271 2167 sperabat:
1321 2095 1380 2147 in
1407 2093 1562 2168 queis
1593 2093 1699 2148 fuit
1723 2093 1894 2150 Scau-

334 2186 464 2244 fus,
496 2174 653 2247 cujus
683 2170 753 2226 de
780 2185 977 2227 natura
1001 2186 1057 2226 et
1104 2170 1302 2227 habitu
1357 2172 1520 2245 supra
1559 2174 1896 2228 memoravi-

348 2271 497 2309 mus.
532 2253 684 2307 Nam
726 2250 787 2305 in
843 2250 1093 2307 Consule
1146 2250 1334 2306 nostro
1361 2251 1570 2315 multae,
1629 2250 1898 2323 bonaeque

349 2347 488 2388 artes
515 2330 713 2395 animi,
764 2343 818 2384 et
847 2328 1104 2405 corporis
1147 2343 1337 2384 erant:
1385 2348 1520 2404 quas
1551 2329 1736 2384 omnis
1769 2350 1890 2385 ava-

344 2411 477 2467 *titia
495 2406 896 2486 praepediebat.
943 2408 1167 2465 Patiens
1191 2410 1471 2474 laborum,
1505 2409 1615 2464 acri
1638 2409 1889 2486 ingenio·

342 2490 474 2546 'satis
504 2487 838 2565 providens,'
892 2490 1028 2544 belli
1074 2486 1227 2543 haud
1256 2491 1501 2565 ignarus,
1537 2488 1891 2544 firmissumus

350 2582 543 2626 contra
594 2569 845 2642 pericula
894 2584 949 2623 et
1000 2566 1243 2624 infidias.
1304 2567 1438 2624 -Sed
1489 2568 1734 2642 legiones
1789 2588 1893 2643 per

350 2649 375 2702 1
386 2649 576 2705 taliam
605 2645 918 2723 Rhegium,
975 2662 1137 2720 atque
1164 2646 1298 2701 inde
1324 2646 1594 2708 Siciliam,
1627 2664 1797 2719 porro
1825 2667 1896 2702 ex

347 2728 538 2783 Sicilia
560 2728 622 2783 in
647 2723 905 2782 Africam
932 2724 1262 2782 transved'tae.
1309 2725 1493 2801 Igitur
1520 2723 1889 2796 Calpurnius,

349 2807 516 2863 initio
566 2807 771 2881 paratis
817 2804 1242 2870 commeatibuS‚
1309 2804 1505 2859 acriter
1560 2801 1895 2862 Nu'midiam

346 2882 613 2962 ingr-effus
642 2883 745 2940 est:
783 2884 1095 2959 multosque
1122 2884 1395 2949 mortalis,
1424 2896 1478 2937 et
1504 2881 1656 2937 urbis
1680 2881 1896 2958 aliquot

347 2964 661 3041 pugnando
682 2963 855 3039 cepit.
1760 2981 1766 2988 ’

429 3122 674 3179 xxx1.
708 3123 817 3180 Sed
842 3124 940 3180 ubi
957 3122 1241 3199 Jugurtha
1268 3143 1371 3200 per
1408 3124 1616 3200 legatos
1655 3125 1893 3199 pecunia

345 3217 577 3267 tentare,
613 3202 878 3276 bellique,
910 3205 1065 3278 quod
1080 3189 1516 3270 administrabat,
1547 3204 1892 3279 asperitatem

343 3281 630 3341 ostendere
657 3283 827 3359 coepit
842 3301 861 3340 z
906 3284 1125 3340 animus
1164 3302 1308 3358 aeger
1325 3283 1552 3341 avaritia
1574 3280 1734 3339 facile
1752 3298 1890 3334 con-

1711 3358 1893 3415 versus
1969 3403 1978 3406 -
