2387 4040
475 399 615 472 234
749 382 845 467 L.
895 378 1321 453 ANNAEI
1382 378 1735 451 nont

470 530 673 587 magna
700 513 907 587 Populi
931 515 1178 570 Romani
1206 513 1454 579 fortuna,
1487 530 1540 571 et
1567 515 1781 590 semper
1802 513 1869 570 in
1902 532 2022 568 ma-

469 592 540 646 lis
567 592 762 666 major,
794 594 925 648 totis
953 591 1141 648 denuo
1168 595 1381 650 viribus
1422 594 1754 650 insurrexit:
1802 591 2026 667 aggres-

470 669 617 741 fique
666 670 864 745 finguli
919 671 1202 745 pupulos·
1189 714 1205 737 ,
1264 673 1410 730 Cato
1439 672 1662 728 discutit
1720 670 2014 728 Etruscos·
2000 694 2019 734 ς

471 747 746 804 Gabinius
773 750 1016 815 Μαι-[οῦς
1057 750 1248 807 Carbo
1281 752 1576 816 Lucanos,
1622 751 1776 828 Sylla
1799 749 2027 806 Samni-

473 841 574 881 tes.
660 826 857 884 Strabo
880 848 1009 884 vero
1038 830 1368 904 Pompeius,
1426 831 1618 886 omnia
1646 827 1882 885 flammis
1910 825 2025 883 fer·

470 924 645 980 roque
676 910 1004 982 populum,
1035 927 1151 964 non
1203 910 1360 982 prius
1388 910 1558 965 finem
1584 907 1820 964 caedium
1867 904 2025 971 fecit,
2064 914 2073 923 ‘

470 1003 638 1058 quam
680 985 876 1043 Asculi
903 987 1197 1053 eversione,
1228 988 1491 1044 Manibus
1520 1002 1603 1043 tot
1651 985 2029 1051 exercituum,

472 1063 763 1120 consulum
791 1065 1252 1141 direptarumque
1276 1067 1499 1123 urbium
1523 1066 1631 1121 diis
1658 1066 1938 1120 litaretur.

466 1258 496 1336 ἡ
917 1248 966 1305 C
1050 1249 1111 1306 A
1193 1249 1263 1304 P.
1438 1214 1615 1302 xlx.

1037 1406 1227 1463 Bellum
1232 1395 1446 1482 servile}

643 1531 698 1586 T
740 1550 981 1622 cunque,
1008 1532 1098 1587 etfi
1125 1553 1254 1588 cum
1282 1533 1441 1589 sociis
1466 1529 1658 1603 (nefas)
1684 1552 1814 1589 cum
1838 1528 2037 1585 liberis

661 1626 845 1665 tamen
877 1626 929 1665 et
955 1612 1218 1701 ingenuis
1246 1611 1572 1668 dimicatum
1603 1612 1696 1667 est.
1776 1612 1924 1686 Quis
1954 1623 2027 1665 εῖτ-

470 1710 584 1764 quo
613 1688 805 1744 animo
829 1687 1007 1745 ferat
993 1711 1052 1745 m
1078 1690 1336 1765 principe
1367 1690 1619 1765 gentium
1650 1690 1877 1780 Populo
1902 1687 2027 1742 bel·

469 1769 523 1824 la
551 1768 857 1823 servorum.
846 1766 871 1804 ρ
923 1769 1175 1824 Primum
1201 1769 1389 1823 servile
1424 1770 1677 1825 bellum
1664 1784 1810 1824 inter
1860 1765 2029 1822 initia
2088 1822 2099 1826 ,

471 1847 670 1911 Urbis,
697 1844 995 1902 Herdonio
1016 1847 1221 1903 Sabino
1246 1847 1408 1912 duce,
1440 1848 1498 1902 in
1524 1849 1639 1923 ipsa
1659 1848 1815 1904 Urbe
1844 1859 2025 1902 tenta·

473 1942 594 1983 tum
623 1924 729 1981 est:
777 1944 974 1998 quum,
1000 1942 1269 2001 occupata
1286 1926 1633 1987 Tribuniciis
1658 1926 2031 1982 seditionibus

473 2006 717 2069 civitate,
764 2005 1114 2079 Capitolium
1170 2004 1437 2062 obsessum
1464 2006 1558 2073 est,
1619 2022 1671 2063 et
1712 2028 1741 2062 a
1774 2003 2030 2064 Consule

473 2086 727 2159 ciptum:
779 2084 869 2139 sed
899 2083 988 2139 hic
1029 2086 1302 2140 tumultus
1347 2087 1529 2160 magis‘
1552 2085 1677 2151 fuit,
1705 2105 1874 2160 quam
1904 2084 2023 2139 bel-

472 2166 612 2219 lum.
698 2165 863 2227 Μοκ,
895 2164 1138 2237 imperio
1162 2184 1264 2237 per
1289 2163 1499 2220 diversa
1530 2180 1800 2221 terrarum
1851 2182 2023 2218 occu·

473 2258 631 2318 pato,
664 2244 788 2317 quis
820 2242 1062 2297 crederet
1089 2242 1337 2298 Siciliam
1377 2245 1561 2299 multo
1590 2244 1871 2302 cruentius
1913 2241 2027 2297 ser·
2076 2271 2084 2277 ·

472 2323 596 2387 vili,
628 2341 794 2395 quam
823 2321 1038 2377 Punico
1068 2321 1218 2376 bello
1240 2319 1339 2375 effe
1354 2322 1606 2378 vastatam
1629 2321 1656 2377 ?
1707 2323 1882 2379 Terra
1903 2320 2026 2376 fru-

477 2417 611 2476 gum
634 2400 810 2464 ferax,
842 2416 894 2455 et
917 2399 1340 2474 quodammodo
1367 2401 1678 2457 suburbana
1704 2401 2025 2476 provincia,
2066 2428 2073 2433 ·

474 2478 788 2534 latifundiis
828 2480 1034 2536 civium
1081 2480 1477 2535 Romanorum
1509 2482 1817 2540 tenebatur.
1905 2480 2029 2536 Hie

476 2558 790 2616 ad·cultum
820 2558 935 2635 agri
979 2557 1289 2631 frequentia
1329 2559 1618 2634 ergastula,
1671 2558 2022 2632 catenatique

474 2639 737 2703 cultoreS,
769 2637 1054 2693 materiam
1102 2636 1250 2692 bello
1303 2640 1608 2710 praebuere.
1700 2637 1868 2714 Syrus
1895 2639 2025 2711 qui·-

475 2719 609 2774 dam
657 2718 889 2774 nomine
930 2718 1122 2771 Eunus
1177 2714 1535 2792 (magnitudo
1590 2716 1838 2772 cladium
1868 2715 2025 2783 facit,

475 2811 539 2852 ut
566 2795 1000 2867 meminerimus)
1045 2793 1287 2850 fanatico
1334 2793 1523 2851 furore
1565 2794 1840 2861 fimulat0‚
1885 2795 2036 2858 dum

478 2874 647 2950 Syriae
676 2873 789 2930 deae
836 2892 1017 2929 comas
1059 2872 1249 2948 jaciat,
1294 2873 1365 2928 ad
1407 2875 1720 2942 libertatem
1774 2890 1828 2929 et
1877 2894 2037 2930 arma

479 2953 679 3015 servos,
710 2953 855 3025 quali
883 2952 1184 3027 numinum
1228 2954 1493 3028 imperio,
1545 2954 1878 3018 concitavit3
1935 2953 2031 3009 id-

480 3050 589 3105 que
613 3044 674 3084 ut
694 3030 967 3085 divinitus
995 3029 1114 3085 fieri
1142 3032 1427 3105 probaret,
1443 3033 1622 3094 inore
1646 3031 1836 3087 abdita
1857 3052 2025 3099 nuce,

449 3179 466 3186 -
478 3127 645 3185 quam
660 3108 926 3184 sulphure
939 3125 990 3164 et
1005 3109 1136 3185 igne
1166 3110 1481 3185 stipaverat,
1499 3111 1698 3166 leniter
1710 3110 2015 3185 inspirans,

481 3190 759 3245 flammam
790 3189 937 3244 inter
962 3190 1124 3245 verba
1152 3188 1447 3246 fundebat.
1530 3193 1669 3246 'Hoc
1693 3191 2032 3254 miraculum

483 3269 732 3344 Primum
760 3269 873 3326 duo
897 3268 1077 3328 millia
1104 3287 1173 3324 ex
1221 3268 1424 3337 obviis,
1471 3287 1606 3326 mox
1624 3269 1753 3346 jure
1780 3269 1917 3403 bein
1933 3270 2056 3402 gg?

1875 3368 1928 3401 ra
1985 3365 2036 3403 ιι
