2387 4040
630 374 693 443 L
728 374 762 443 1
801 375 1043 444 BER
1123 320 1473 445 usna».
1514 374 1644 443 lx.
1758 397 1885 465 ιρι

215 524 224 531 ·
310 504 583 580 utrinque
610 505 931 563 vallaverat.
1020 504 1129 562 Sed
1184 502 1301 561 haec
1350 505 1544 561 omnia
1583 504 1895 580 praepedita

203 619 210 624 .
312 583 713 660 magnitudine
743 587 859 642 sua.
936 585 1035 641 Ad
1067 583 1179 640 hoc
1209 585 1415 649 imber,
1449 584 1549 658 qui
1581 582 1767 640 subito
1796 585 1887 642 su-

310 663 589 738 perfusuS,
619 666 762 721 mira
789 666 1053 722 felicitate
1081 663 1325 719 Perficos
1348 683 1507 719 arcus
1534 681 1886 738 corruperat.

309 741 568 797 Primum
623 745 964 819 trepidatiot
1019 763 1157 799 mox
1206 742 1375 819 fuga:
1423 741 1635 799 dehinc
1689 745 1889 799 trium-

293 820 463 897 'phus
513 822 767 879 fuerunt.
857 823 1043 890 vieto,
1083 837 1139 877 et
1173 822 1438 896 supplici,
1474 841 1671 896 pacem
1726 838 1891 898 atque

313 915 531 976 partem
590 904 751 978 regni
807 902 932 961 dari
979 904 1214 980 placuit,
1262 921 1328 957 eo
1376 902 1672 968 libentius»,
1733 903 1891 977 quod

310 996 425 1037 tam
453 980 622 1038 facile
652 981 901 1041 ceffiffet.
1810 996 1825 1006 ‘

760 1168 811 1226 C
899 1169 961 1227 A
1049 1169 1128 1224 P..
1298 1168 1420 1233 IX.

739 1340 748 1349 “
845 1326 1042 1385 Bellum
1070 1326 1355 1385 AElolicum.

444 1466 494 1518 Y
518 1464 623 1518 R-1
640 1461 766 1519 ᾹΤ
790 1465 819 1518 Ῑ
848 1462 897 1519 C
921 1464 980 1520 Ο
1034 1465 1188 1519 bello
1235 1462 1501 1528 successit,
1532 1479 1597 1519 ut
1624 1464 1884 1539 debebat,

466 1544 808 1608 AEtolicum3
853 1544 1012 1599 Victo
1046 1544 1265 1618 quippe
1295 1542 1615 1608 Antioche,
1646 1548 1889 1605 *Roman

312 1642 419 1680 nus
448 1623 591 1679 faces
621 1623 851 1678 Afiatici
882 1624 1013 1679 belli
1043 1624 1500 1697 persequebatur.
1568 1625 1720 1702 Ergo
1749 1629 1903 1684 Ful:

312 1706 408 1760 vio
440 1703 728 1759 Nobiliori
772 1703 1033 1759 mandata
1076 1703 1224 1759 ultio
1265 1702 1361 1759 est.
1449 1705 1561 1761 Hic
1617 1709 1880 1781 protinus

317 1797 491 1858 caput
545 1783 724 1857 gentis
773 1782 1163 1847 Ambraciam,
1226 1784 1465 1860 Regiam
1499 1784 1730 1860 Pyrrhi,
1763 1810 1883 1846 ma-

316 1863 504 1918 chinis
530 1864 733 1935 quatit.
779 1863 1024 1937 Sequuta
1051 1863 1272 1917 deditio
1302 1863 1398 1918 est.
1436 1863 1703 1937 ‘Aderant
1731 1869 1885 1926 AEto-

225 1984 230 1987 -
317 1943 505 1997 lorum
537 1942 793 2015 precibus
815 1942 1027 2007 Attici,
1062 1940 1321 1996 Rhodii:
1373 1955 1426 1997 et
1453 1944 1885 2005 memineramus

319 2020 557 2086 auxilii3
591 2023 658 2078 fic
688 2023 900 2096 placuit
929 2020 1235 2098 ignoscere.
1268 2022 1487 2097 xSerpsit
1513 2036 1698 2078 tamen
1712 2028 1886 2084 ⁴latius

229 2128 244 2134 -
320 2103 381 2156 in
411 2103 708 2175 proximos
755 2101 994 2166 bellum,
1024 2101 1320 2175 omnisque
1366 2101 1476 2157 late
1507 2102 1883 2176 Cephalenia,

322 2180 670 2257 Zacynth08‚
704 2196 758 2240 et
786 2182 1058 2256 quicquid
1088 2181 1398 2237 insularum
1439 2181 1500 2236 in
1533 2201 1600 2236 eo
1626 2185 1768 2239 mari
1796 2187 1885 2241 in-

245 2290 264 2297 ·
321 2255 765 2317 tex-'Ceraunios
811 2278 1056 2317 montes—
1071 2263 1392 2337 jugumque
1423 2260 1695 2329 Maleum,
1733 2261 1887 2320 AEto-

335 2341 429 2397 lici
462 2339 597 2395 belli
619 2341 841 2398 acceffio
886 2341 1136 2397 fuerunt.

323 2423 350 2452 ἱ

669 2523 1148 2585 ‘CAR
1327 2525 1412 2583 X.

835 2686 1027 2744 Bellum
1055 2686 1135 2743 Hi
1175 2687 1351 2743 ricum.

510 2823 540 2878 Ι
563 2821 599 2880 S
621 2821 677 2877 T
699 2822 754 2875 R
780 2821 808 2875 1
866 2821 1174 2895 sequuntur
1218 2819 1462 2875 AEtolos:
1510 2818 1727 2896 quippe
1767 2822 1885 2878 bel-

524 2904 702 2957 lantes
725 2920 818 2956 τοῦ
860 2917 1048 2974 nuper
1099 2897 1450 2975 adjuverant.
1513 2899 1703 2970 Initia,
1740 2919 1886 2979 pug-

324 3005 407 3040 nae
439 2981 704 3059 prospera
730 2978 873 3036 hosti
896 2979 1158 3034 fuerunt:
1193 2978 1499 3053 eademque
1521 2980 1682 3036 exitii
1703 2981 1882 3037 causa.

326 3064 477 3121 Nam
503 3079 678 3135 quum
711 3059 874 3116 Cnaei
902 3058 1110 3114 Manlii
1138 3057 1304 3114 castra
1332 3056 1619 3133 cepissent,
1653 3060 1885 3134 opimae-

324 3163 433 3218 que
459 3139 660 3216 praedae
687 3139 1041 3203 incubarent,
1091 3138 1405 3211 epulantes,
1435 3157 1499 3192 ac
1540 3137 1887 3194 ludibundos

326 3219 645 3300 plerosque,
678 3238 735 3271 ac
788 3218 888 3272 ubi
921 3215 1110 3281 essent,
1173 3236 1286 3298 prae
1315 3217 1533 3290 poculis
1560 3216 1883 3283 nescientes,

329 3299 561 3375 Appius
608 3294 854 3353 Pulcher
897 3295 1138 3351 invadit.
1226 3294 1316 3352 Sic
1345 3315 1475 3352 cum
1523 3294 1788 3425 sangusine
1835 3311 1890 3349 et

1710 3387 1886 3446 pmtu
