2387 4040
348 358 807 429 BELLUM
864 346 1726 431 CATILINARIUM.'
1845 368 1940 436 αι·

361 487 688 543 orationem
717 484 914 542 habuit
969 488 1331 553 luculentam,
1364 504 1525 563 atque
1554 490 1751 545 utilem
1790 489 1929 546 Rei-

365 566 633 640 publicae,
666 585 833 640 quam
885 566 1075 639 postea
1103 567 1360 642 scriptam
1387 568 1587 623 edidit.
1673 567 1781 625 Sed
1831 568 1930 624 ubi

363 646 464 700 ille
495 643 729 707 adsedit,
775 643 1044 709 Catilina,
1076 660 1138 701 ut
1169 661 1284 701 erat
1311 662 1531 719 paratus
1560 646 1631 703 ad
1681 647 1928 703 diffimu·

366 722 538 777 landa
562 721 776 786 omnia,
796 721 1026 778 demiffo
1049 726 1228 790 vultu,
1256 744 1388 781 voce
1413 724 1670 800 supplici,
1691 721 1932 798 postulare

367 822 399 855 a
428 801 652 856 Patribus
694 799 997 873 conscriptis,
1027 821 1089 857 ne
1134 805 1255 878 quid
1277 805 1338 856 de
1345 803 1413 875 se
1441 814 1612 858 temere
1647 804 1929 859 crederent.-

368 900 425 935 ια
437 877 660 951 familia
710 889 885 944 ortum,
921 881 994 935 ita
1032 881 1094 934 ab
1118 881 1441 957 adolescentia
1476 882 1631 937 vitam
1654 878 1928 958 ivstituiffl,

366 970 420 1014 ut
443 960 607 1014 omnia
650 958 769 1012 bona
807 958 861 1012 in
870 957 969 1031 spe
991 959 1183 1016 haberet
1204 981 1222 1015 .·
1256 980 1317 1015 ne
1335 955 1813 1031 exstumarentfibi‚
1835 966 1932 1032 pa·

370 1040 510 1094 tricio
537 1037 749 1103 homini,
779 1036 917 1109 cujus
948 1035 1114 1110 ipstzw,
1167 1050 1310 1114 atque
1334 1037 1573 1110 majorum
1599 1040 1821 1112 plurima
1851 1038 1933 1092 be·

365 1114 548 1189 nqficia
573 1118 629 1171 in
645 1115 832 1188 plebem
845 1117 1114 1172 Romanam
1129 1114 1297 1194 offent,
1318 1120 1516 1191 perdita
1534 1117 1799 1191 Republica
1819 1122 1936 1191 opus

370 1193 499 1272 {ffe5
529 1192 638 1250 cum
660 1214 766 1249 eam
775 1194 1006 1265 servaret
1031 1191 1373 1261 M.·Tzdlius‚
1402 1197 1669 1271 inquilinus
1693 1197 1819 1253 civis
1847 1216 1934 1252 ur·

373 1275 449 1330 bis
471 1277 660 1330 Romae.
711 1272 810 1328 Ad
836 1272 949 1330 haec
973 1275 1260 1331 maledieta
1281 1276 1388 1331 alia
1409 1294 1536 1337 cum
1558 1274 1803 1340 adderet,
1831 1276 1934 1329 ob-

374 1352 608 1427 strepere
633 1370 849 1416 omnes,
869 1347 1038 1423 hostem
1059 1362 1202 1428 atque
1215 1353 1521 1428 parricidam
1540 1372 1734 1410 vocare.
1779 1353 1938 1410 Tum

377 1432 472 1487 ille
501 1429 875 1488 furibundus:
937 1431 1180 1507 Quoniam
1206 1434 1397 1507 quidem
1432 1432 1801 1497 circumventus,
1846 1432 1937 1486 in-

375 1511 521 1662 quit'
554 1509 619 1564 ab
647 1509 864 1566 inimicis
884 1516 1098 1584 praeceps
1120 1520 1268 1585 agor,
1310 1511 1587 1567 incendium
1613 1528 1770 1567 meum
1793 1509 1940 1568 mina

377 1604 431 1644 re
471 1604 699 1662 mgnum.

469 1748 756 1806 XXXIII
767 1787 780 1802 .
816 1747 963 1805 Dein
994 1749 1045 1806 se
1077 1769 1145 1805 ex
1175 1750 1328 1819 curia
1350 1750 1585 1808 domum
1615 1750 1932 1827 proripuitg

383 1829 462 1884 ibi
491 1828 669 1884 multa
698 1826 813 1903 ipse
843 1828 1022 1883 secum
1047 1830 1293 1896 volvens,
1325 1830 1479 1904 quod
1507 1850 1687 1904 neque
1733 1828 1939 1885 infidiae'

387 1906 625 1963 Consuli
666 1905 1063 1978 procedebant,
1096 1921 1149 1961 et
1173 1909 1241 1963 ab
1289 1908 1554 1963 incendio
1586 1908 1941 1983 intellegebat

386 1986 602 2042 Urbem
625 1983 826 2061 vigiliis
852 1985 1145 2052 munitam,
1166 1998 1465 2061 optumum
1488 1985 1690 2044 facium
1715 1983 1941 2042 credens

337 2119 343 2124 ,
390 2065 692 2122 exercitum
722 2084 944 2140 augere,
979 2086 1038 2120 ac
1062 2066 1240 2139 prius,
1274 2087 1441 2140 quam
1474 2067 1719 2142 legiones
1748 2065 1941 2121 scribess

340 2177 347 2180 v
387 2159 602 2208 rentur,
633 2142 812 2198 multo
837 2158 1157 2218 antecapere
1183 2164 1246 2198 ea
1271 2165 1389 2216 quae
1414 2146 1560 2199 bello
1588 2145 1707 2200 usui
1733 2142 1938 2208 forent,

390 2223 549 2279 noele
601 2222 922 2296 intempesta
966 2243 1093 2279 cum
1142 2223 1330 2296 paucis
1363 2223 1421 2277 in
1470 2223 1757 2277 Manliana
1783 2221 1946 2275 castra

390 2300 669 2376 profeClus
697 2300 793 2355 est.
864 2301 971 2357 Sed
1004 2299 1286 2375 Cetheg0‚
1314 2316 1475 2373 atque
1509 2301 1772 2364 Lentu10‚
1803 2314 1944 2354 cete-

390 2381 593 2455 risque,
637 2399 879 2454 quorum
931 2395 1266 2455 cognoverat
1306 2378 1585 2453 prbmtam
1634 2377 1942 2444 audaciam,

390 2460 643 2525 mandat,
676 2459 841 2532 quibus
868 2460 1004 2513 rebus
1023 2456 1232 2536 postem,
1259 2465 1364 2530 opes
1369 2457 1621 2529 sallionis
1642 2454 1941 2528 corfirment,

392 2537 593 2609 infidias
619 2537 813 2611 Corfidi
835 2548 1101 2600 maturen15
1120 2539 1315 2603 caedem,
1345 2539 1593 2604 incendia,
1621 2538 1814 2611 aliaque
1837 2536 1950 2589 belli

377 2615 622 2690 facinora
636 2623 812 2689 parent
827 2638 845 2672 .·
881 2616 994 2690 stse
1011 2617 1289 2690 propediem
1313 2637 1421 2672 cum
1442 2636 1616 2690 magno
1643 2613 1856 2672 exercitu
1885 2615 1952 2667 ad

402 2697 579 2754 Urbem
606 2693 928 2772 adcqfficrum.

490 2855 797 2912 XXXIV.
832 2855 987 2909 Dum
1013 2855 1124 2911 haec
1149 2858 1344 2912 Romae
1371 2870 1659 2931 geruntur,
1691 2855 1766 2911 C.
1794 2854 1960 2909 Man-

403 2937 509 2992 lius
560 2954 629 2988 ex
662 2934 758 2989 suo
806 2953 1040 2989 numero
1071 2937 1281 3010 legatos
1324 2942 1392 2989 ad
1426 2938 1509 3009 (ζ
1542 2935 1816 2991 Marcium
1845 2936 1958 2987 Re-

410 3035 534 3090 gem
556 3014 748 3078 mittit‚
780 3034 909 3068 cum
942 3013 1218 3068 mandatis
1244 3013 1660 3088 hujuscemodi:
1694 3014 1845 3074 Deos,
1875 3012 1960 3065 ho-

403 3092 642 3165 mittesque
667 3090 906 3165 testamur,
941 3091 1233 3165 Imperator,
1259 3112 1343 3164 nos
1367 3110 1504 3148 arma
1525 3111 1675 3167 neque
1688 3102 1853 3147 contra
1865 3094 1962 3160 pa-

406 3174 555 3226 triam
580 3168 776 3247 cepff·
827 3189 975 3243 neque
1000 3192 1087 3245 quo
1117 3172 1389 3244 periculum
1432 3171 1547 3227 aliis
1553 3170 1858 3241 jaceremus,
1870 3167 1971 3239 fid

408 3254 481 3308 uti
532 3257 732 3324 corpora
762 3245 918 3321 nostra
946 3250 1008 3306 ab
1060 3251 1248 3322 injuria
1276 3260 1377 3307 tuta
1406 3246 1616 3320 forent,-
1645 3250 1727 3324 qui
1776 3244 1962 3316 miseri·

1747 3336 1964 3400 egentes,
