2387 4040
422 332 474 401 4
552 315 671 382 ,0.
731 314 1147 387 CRISPI
1189 315 1842 394 S-ALLUSTII.

437 448 708 505 credibile
737 447 830 503 est.
919 447 1167 507 Animus
1197 448 1404 515 audax,
1456 450 1746 514 subdolus,
1777 449 1986 514 variuS,

438 532 599 605 cujus
612 528 692 581 rei
722 528 860 581 libet
880 527 1165 583 simulator
1190 549 1251 584 ac
1273 529 1664 594 diffimulator,
1692 531 1861 585 alieni
1889 529 1988 584 ad-

439 623 659 682 petenS,
721 606 801 661 sui
849 606 1133 682 profusuS,
1192 607 1392 663 ardens
1432 610 1494 663 in
1544 608 1980 682 cupiditatibus:

436 687 561 740 fatis
616 687 937 760 loquentiae,
993 686 1275 760 sapientiae
1311 708 1536 762 parurn,
1623 687 1823 743 Vastus
1870 688 1990 742 ani-

441 786 592 828 muS,
629 766 1002 829 inmoderata,
1035 766 1414 830 incredibilia,
1446 767 1615 820 nimis
1641 767 1750 820 alta
1778 764 1996 839 semper

438 845 722 918 cupiebat.
816 844 1012 908 Hunc,
1060 844 1181 918 post
1211 844 1664 900 dominationem
1693 845 1763 899 L.
1795 844 1982 909 Sullae,

437 923 640 982 lubido
671 924 914 978 maxima
944 924 1211 978 invaserat
1265 924 1616 998 Reipublicae
1658 922 1986 997 capiundae:

437 1022 618 1076 neque
647 1003 705 1058 id
721 1004 923 1077 quibus
948 1000 1131 1056 modis
1158 1002 1571 1077 adsequeretur,
1588 1001 1728 1057 dum
1749 1001 1847 1057 fibi
1865 1021 1991 1076 ,reg-

441 1101 581 1136 num
611 1098 854 1157 pararet,
888 1081 1202 1154 quidquam
1217 1081 1366 1155 penfi
1395 1080 1655 1137 habebat.
1714 1080 1992 1155 Agitaba-

445 1178 537 1214 tur
562 1162 739 1235 magis
768 1159 1048 1237 magisque
1101 1161 1164 1214 in
1212 1161 1330 1215 dies
1359 1160 1579 1217 animus
1608 1159 1767 1216 ferox
1796 1160 1998 1233 inopia

446 1240 525 1294 rei
556 1240 871 1303 familiaris,
902 1254 957 1293 et
985 1239 1322 1295 conscientia
1349 1240 1647 1295 scelerum:
1693 1258 1816 1312 quae
1843 1251 1996 1295 utra⁴

444 1340 551 1392 que
581 1320 668 1374 his
722 1320 932 1374 artibus
985 1333 1236 1384 auxerat,
1294 1338 1429 1393 quas
1458 1316 1624 1392 supra
1650 1317 1988 1372 memoravi:

446 1400 757 1454 incitabant
785 1413 1046 1471 praeterea
1075 1399 1327 1471 corrupti
1355 1396 1599 1453 civitatis
1623 1414 1827 1461 mores»,
1854 1415 1995 1469 quos

450 1478 699 1551 pessuma
726 1497 786 1532 ac
816 1475 1029 1532 diversa
1055 1476 1205 1530 inter
1256 1476 1309 1530 se
1334 1476 1502 1541 mala,
1559 1474 1785 1530 luxuria
1836 1489 2000 1547 atque

448 1558 677 1613 avaritia
702 1557 1011 1612 vexabant.›
1074 1555 1186 1608 Res
1215 1555 1333 1629 ipsa
1354 1552 1572 1610 hortari
1589 1552 1831 1618 videtur,
1856 1572 2000 1626 quo-

448 1638 603 1691 niam
631 1634 703 1692 de
729 1635 980 1690 moribus
1004 1634 1239 1690 civitatis
1289 1647 1509 1709 tempus
1556 1631 1876 1697 admonuit,
1909 1631 2000 1687 su-

450 1735 555 1790 pra
582 1730 853 1789 repetere,
886 1733 947 1769 ac
975 1713 1167 1788 paucis
1196 1712 1442 1769 instituta
1484 1713 1786 1788 majorum,
1837 1710 2000 1767 domi

453 1795 810 1867 militiaeque,
861 1789 1153 1866 quomodo
1192 1792 1631 1865 Rempublicam
1677 1788 2000 1855 habuerint,
2043 1844 2054 1865 ι

457 1888 833 1947 quantamque
861 1871 1223 1946 reliquerint:
1270 1885 1334 1926 ut
1381 1870 1675 1945 paullatim
1703 1871 2004 1935 inmutata,

455 1972 524 2007 ex
554 1952 954 2025 pulcherruma
983 1965 1035 2004 et
1079 1953 1300 2024 optima
1324 1944 1570 2025 pessuma
1611 1968 1670 2006 ac
1700 1946 2003 2023 flagitiosis·

456 2030 610 2085 suma
639 2029 773 2085 faeta
803 2028 886 2097 fit,
920 2023 1199 2084 differere.
1276 2032 1286 2040 '

546 2193 666 2249 VI.
698 2191 915 2248 Urbem
943 2191 1213 2257 Romam,
1246 2189 1400 2248 sicuti
1429 2210 1539 2268 ego
1559 2191 1772 2266 accepi,
1806 2187 2005 2245 condi-

461 2273 589 2327 dere
604 2287 766 2346 atque
789 2270 1030 2326 habuere
1046 2272 1215 2326 initio
1229 2271 1491 2345 Trojani,
1508 2272 1631 2344 qui,
1653 2271 1820 2325 AEnea
1838 2267 2002 2331 duce.¹

460 2350 715 2427 profugi,
777 2350 999 2405 sedibus
1048 2351 1278 2407 incertis
1330 2351 1707 2424 vagabantur3
1770 2365 2030 2420 cumque⁴

463 2431 554 2485 his
582 2429 949 2505 AborigineS,
997 2450 1169 2504 genus
1198 2428 1501 2486 hominum
1532 2428 1756 2503 agreste,
1791 2428 1899 2482 {ine
1930 2427 2008 2480 le-

462 2511 647 2586 gibuS‚
673 2509 781 2564 fine
809 2509 1076 2583 imperio,
1128 2510 1369 2564 liberum
1395 2522 1566 2581 atque
1587 2508 1854 2564 solutum.
1927 2504 2011 2559 Hi

462 2589 780 2664 postquam,
839 2589 902 2643 in
930 2608 1043 2644 una
1067 2590 1274 2662 moenia
1301 2605 1632 2652 convenere,
1677 2585 1887 2661 dispari
1916 2603 2010 2660 ge-

465 2688 619 2732 nere,
654 2667 903 2723 diffimili
930 2669 1145 2743 lingua,
1177 2668 1276 2721 alii
1295 2666 1413 2724 ,alio
1444 2686 1599 2721 more
1622 2666 1889 2728 viventes,
1921 2666 2010 2716 in-

471 2746 738 2802 credibile
768 2747 1100 2811 memoratu,
1133 2766 1302 2819 quarn
1329 2742 1489 2800 facile
1517 2745 1850 2801 coaluerint.
1905 2739 2012 2798 Sed

470 2826 761 2899 postquam
784 2846 866 2880 res
888 2845 1082 2880 eorum
1104 2826 1343 2889 civibus,
1372 2825 1648 2889 moribus,
1675 2825 1819 2900 agris
1833 2821 2007 2881 aneta,

466 2906 592 2960 satis
641 2904 923 2979 prospera,
978 2903 1206 2976 satisque
1235 2904 1455 2978 pollens
1483 2902 1811 2967 videbar-tum
1860 2898 2013 2972 sicuti

470 2986 731 3058 pleraque
752 2983 1075 3038 mortalium
1105 2982 1406 3048 habentur,
1435 2982 1649 3038 invidia
1678 3003 1746 3038 ex
1776 2981 2017 3056 opulen·
2088 2985 2103 3006 ⁸

470 3067 542 3118 tia
571 3079 689 3117 orta
717 3064 812 3118 est.
859 3063 1044 3137 Igitur
1069 3083 1246 3137 reges,
1273 3062 1588 3136 populique
1606 3061 1833 3116 finitimi
1865 3062 2012 3117 bello

470 3158 702 3198 tentare.
776 3143 946 3197 Pauci
986 3161 1055 3196 ex
1075 3143 1319 3197 amicicis
1348 3141 1564 3196 auxilio
1587 3141 1725 3196 ess'e:
1757 3160 1886 3194 nam
1915 3161 2016 3196 cae-

473 3225 599 3287 teri,
652 3236 803 3278 metu
858 3220 1112 3296 pereum,
1158 3222 1326 3295 longe
1367 3241 1396 3274 a
1443 3220 1708 3292 periculis
1762 3220 2011 3278 aberant.

1935 3300 2020 3354 At
