2387 4040
478 378 570 453 74
676 359 748 427 c,
810 354 1198 428 CRISPI
1239 355 1860 429 SALLUSTH

485 485 668 544 versus
696 485 790 540 est.
837 484 1103 540 Ceterum
1130 484 1332 551 socius,
1360 501 1414 541 et
1436 485 1762 542 administer
1784 486 2040 556 omnium

481 565 840 622 confiliorum
892 564 1217 620 adsumitur
1272 565 1538 621 Scaurus:
1598 565 1697 638 qui
1753 565 1958 621 tametsi
2010 586 2044 619 a

486 644 798 720 principie,
855 642 1129 717 plerisque
1177 662 1248 698 ex
1298 643 1535 700 faffionc
1582 646 1699 719 ejus
1727 643 2036 717 corruptis,

478 740 760 785 acerrume
812 741 1000 797 regem
1044 724 1494 797 inpugnaverat3
1558 738 1767 786 tamen,
1812 722 2037 798 magni-

482 801 680 856 tudine
730 801 977 876 pecuniae
1016 823 1047 856 a
1085 804 1263 866 bon0,
1319 800 1658 875 honestoque
1708 802 1769 856 in
1801 820 2041 875 pravum

480 879 769 937 abstratstus
798 880 891 935 est.
939 878 1046 937 Sed
1062 878 1351 955 Jugurtha
1376 880 1626 954 primum
1642 878 2038 936 tantummodo

486 960 624 1017 belli
677 978 895 1014 moram
941 957 1271 1023 redimebat,
1328 958 1661 1015 existumans
1691 960 1795 1014 sese
1823 956 2038 1031 aliquid

476 1041 705 1099 interim
734 1040 927 1093 Romae
942 1039 1148 1110 pretio,
1171 1053 1266 1093 aut
1279 1038 1451 1114 gratia
1464 1036 1816 1093 effecturum:
1852 1035 2039 1111 postea

484 1137 616 1175 vero
647 1136 814 1191 quarn
842 1117 1178 1191 participem
1223 1117 1436 1192 negotii
1479 1118 1750 1173 Scaurum
1780 1117 2031 1190 accepit3

481 1198 541 1257 in
570 1212 889 1251 maxumam
920 1194 1070 1269 spem
1098 1195 1371 1251 adduftus
1399 1209 1605 1270 recupe
1645 1195 1803 1251 andae
1855 1195 2032 1268 pacis,

481 1275 663 1332 {latuit
687 1294 814 1330 cum
846 1275 923 1328 eis
963 1272 1034 1328 de
1079 1275 1346 1330 omnibus
1397 1274 1754 1348 pastionibus
1799 1272 2035 1348 praesens

481 1372 664 1431 agere.
757 1353 1023 1409 Ceterum
1064 1354 1276 1409 interea
1324 1353 1456 1409 fidei
1494 1351 1680 1410 cauffa
1730 1352 1974 1408 mittitur
2001 1371 2036 1407 a

483 1432 736 1493 Consule
763 1432 983 1489 Sextius
1011 1433 1246 1506 quaestor
1291 1431 1352 1487 in
1408 1431 1692 1508 oppidum
1726 1428 2032 1508 Jugurthae

481 1517 758 1573 Vaccam:
796 1513 951 1586 cujus
981 1512 1278 1586 reispecies
1307 1527 1421 1568 erat
1459 1511 1710 1585 acceptio
1737 1510 2029 1577 frumenti,

479 1592 636 1669 quod
663 1591 1009 1663 Calpurnius
1031 1592 1220 1664 palam
1240 1591 1431 1667 legatis
1456 1590 1855 1665 imperaverat:
1887 1607 2034 1663 quo-

484 1673 644 1728 niam
669 1668 977 1725 deditionis
1005 1689 1160 1724 mora
1184 1670 1425 1726 induciat
1454 1670 1826 1744 agitabantur.
1911 1669 2033 1743 lgi-

481 1765 573 1811 tur
604 1767 723 1810 rex,
754 1746 836 1802 uti
864 1747 1241 1815 constituerat,
1275 1752 1335 1806 in
1363 1749 1529 1804 castra
1551 1750 1734 1804 venit:
1769 1766 1829 1802 ac
1857 1767 2035 1824 pauca

480 1827 735 1904 praesenti
766 1825 995 1881 consilio
1025 1828 1245 1883 locutus
1295 1828 1365 1883 de
1405 1827 1622 1884 invidia
1651 1828 1734 1884 sui
1762 1826 1914 1892 faeti,
1944 1842 2030 1889 atg-

477 1927 589 1983 que
615 1905 699 1962 uti
726 1906 788 1961 in
816 1903 1162 1961 deditionem
1212 1906 1586 1982 acciperetur;
1635 1907 1849 1980 reliqua
1875 1936 1880 1941 -
1902 1925 2031 1962 cum

481 1985 678 2053 Bestia,
736 1999 791 2039 et
824 1982 1043 2042 Scauro
1092 1986 1296 2042 secreta
1323 1986 1601 2062 tranfigit:
1651 1985 1781 2041 dein
1814 1984 2032 2060 postero

418 2063 423 2069 ¹
479 2068 595 2133 die,
629 2064 776 2140 quali
799 2084 903 2140 per
930 2064 1180 2121 Saturam
1210 2067 1490 2122 sententiis
1518 2065 1821 2141 exquisitis,
1849 2065 1912 2120 in
1933 2064 2033 2120 de·

475 2148 753 2204 ditionem
780 2144 1075 2219 accipitur.
1163 2145 1296 2210 Sed,
1348 2147 1431 2202 uti
1459 2164 1565 2220 pro
1594 2145 1822 2202 consilio
1846 2143 2030 2218 impe-

473 2243 659 2286 ratum
690 2239 833 2291 erat,
878 2223 1167 2299 elephanti
1197 2225 1446 2301 triginta,
1503 2244 1669 2299 pecus
1695 2239 1859 2298 atque
1900 2226 2030 2297 equi

474 2307 665 2372 multi,
694 2324 824 2360 curn
852 2323 1023 2378 parvo
1050 2305 1266 2380 argenti
1308 2304 1583 2379 pondere,
1620 2302 1893 2382 Quaestori
1921 2318 2032 2359 tra-

476 2387 712 2442 duntur.
805 2382 1154 2455 Calpurnius
1198 2384 1444 2439 Romam
1473 2382 1543 2439 ad
1567 2383 1908 2460 magistratus
1933 2404 2029 2439 ro·
2091 2419 2102 2426 -

476 2463 691 2541 gandos
713 2462 1105 2536 proficiscitur.
1160 2465 1233 2518 In
1253 2462 1526 2539 Numidia
1552 2477 1606 2518 et
1635 2461 1882 2520 exercitu
1901 2464 2030 2521 nos·-

478 2560 565 2600 tro
592 2561 705 2617 pax
733 2540 1067 2617 agitabatur.

557 2702 813 2762 XXXII
823 2741 837 2755 .
866 2697 1162 2782 Postquam
1182 2723 1268 2759 res
1290 2702 1350 2758 in
1373 2702 1570 2761 Africa
1590 2704 1779 2777 gestas,
1804 2725 2028 2780 quoque

472 2782 653 2840 modo
680 2781 803 2844 aftae
839 2780 1048 2847 forent,
1108 2783 1253 2839 fama
1282 2782 1629 2859 divulgavit3
1678 2786 1876 2842 Romae
1926 2805 2027 2859 per

473 2862 659 2939 omnis
692 2861 843 2915 locos
872 2875 928 2913 et
956 2875 1285 2926 conventus,
1338 2861 1409 2917 de
1438 2863 1578 2919 {atsto
1608 2863 1873 2922 Consulis
1903 2886 2023 2941 agi-

471 2941 610 3004 tari;
662 2936 815 3012 apud
863 2939 1085 3012 plebem
1104 2941 1281 3016 gravis
1310 2943 1558 3000 invidia:
1609 2945 1796 3000 Patres
1825 2944 2025 3004 soliciti

467 3032 656 3075 erant:
687 3017 1062 3091 probarentne
1089 3034 1303 3077 tantum
1320 3021 1617 3096 flagitium,
1640 3042 1711 3077 an
1737 3022 2024 3080 decretum

469 3096 731 3156 Consulis
764 3095 1158 3165 subverterent,
1177 3120 1379 3175 parum
1403 3102 1705 3158 constabat.
1752 3104 1843 3168 Ac
1864 3123 2021 3159 max-

463 3197 595 3238 ume
624 3196 716 3233 eos
745 3178 1000 3251 potentia
1023 3176 1234 3246 Scauri,
1290 3180 1448 3254 quod
1476 3180 1521 3236 is
1547 3180 1744 3248 auctor,
1766 3199 1818 3237 et
1846 3183 2024 3238 socius

473 3257 663 3318 Bestiae
721 3255 1019 3324 ferebatur,
1087 3278 1276 3327 avere,
1335 3261 1614 3346 bonoque.
1650 3261 2020 3398 impediebat.

1995 3356 2017 3395 t
