2387 4040
557 380 1064 453 BELLUM
1104 382 1718 484 JUGURTH.
1804 350 1945 478 '141

377 526 468 574 tus
507 514 571 573 in
627 512 796 574 castra
823 516 1126 595 jugurthae
1177 519 1353 576 venit.
1438 518 1665 576 Deinde
1710 520 1781 576 ab
1840 518 1951 576 illo

377 595 575 654 cundia
603 596 852 663 edoctus,
871 612 1175 673 properato
1203 600 1426 665 itinere,
1459 600 1583 674 post
1609 599 1761 654 diem
1792 598 1943 655 osta·
2025 640 2034 643 -

377 697 514 732 vum
540 675 686 732 redit
713 675 785 732 ad
815 677 1142 743 Bocchum3
1188 694 1244 734 et
1272 679 1321 733 ei
1350 680 1605 743 nunciat,
1629 679 1954 757 Jugwtham*

376 761 552 829 cupere
569 756 756 820 omnia,
787 774 890 831 quae
917 757 1288 831 imperarentur,
1300 755 1485 831 facere
1500 757 1623 830 ‚·sed
1652 758 1825 815 Mario
1846 764 1946 831 pa·
2011 811 2020 821 ,

374 831 695 907 rumfidere:
721 834 1032 909 saepe'ant'ea
1061 854 1170 891 cum
1198 836 1566 910 imperatoribus
1592 838 1823 893 Romanis
1845 839 1947 910 pa-

291 926 329 952 *
375 922 483 970 ‘cem
521 924 825 981 conventam,
852 910 1051 989 frustra
1070 910 1258 993 fm'ffl.
1350 915 1572 972 Ceterum
1614 915 1855 982 Bocchus,
1886 914 1946 987 st
2007 923 2014 931 '

383 990 609 1048 ambobus
634 994 917 1067 consultum,
949 1004 994 1049 el
1019 1006 1174 1049 ratam
1199 1000 1367 1072 pacem
1379 996 1540 1061 vellet,
1565 997 1707 1050 daret
1724 1001 1943 1068 operum,
1980 1038 1994 1062 2

377 1082 431 1128 ut
455 1090 557 1129 tma
577 1072 641 1128 ab
665 1073 902 1139 omnibus,
933 1073 1066 1149 quasi
1090 1076 1152 1129 de
1168 1080 1315 1149 pace,
1347 1075 1401 1130 in
1426 1075 1559 1131 conlo
1595 1076 1723 1131 uium
1748 1076 1946 1130 venire-

379 1162 493 1216 tum·
513 1152 680 1227 ibique
687 1148 793 1222 fibi
824 1152 1015 1208 Sullam
1064 1156 1275 1209 traderet
1295 1174 1313 1209 .·
1358 1172 1464 1209 cum
1512 1165 1531 1209 t
1582 1174 1656 1209 em
1697 1156 1861 1209 virum
1890 1155 1949 1209 in

367 1226 598 1305 postestate
625 1230 841 1296 haberet,
872 1242 971 1288 tum
999 1230 1140 1305 sore,
1171 1236 1244 1288 uti
1264 1228 1409 1311 jzffc
1435 1236 1644 1289 Senatus
1683 1232 1949 1307 Poptdique

380 1310 594 1367 Romani
599 1306 938 1383 soedusfieret
953 1334 970 1373 ,-
984 1330 1132 1385 neque
1152 1313 1389 1369 hominem
1406 1311 1611 1369 nobilem
1637 1312 1843 1385 nonsua
1858 1312 1945 1385 ig-

375 1390 550 1458 navia,
550 1388 652 1467 sed
674 1388 732 1445 ob
755 1389 1159 1463 rempublicam&
1179 1388 1608 1467 hqsiiumpotfstate
1621 1391 1840 1449 relidam
1852 1392 1945 1448 iri.

473 1542 712 1611 CXXI.
746 1556 882 1612 Haec
906 1555 1140 1610 Maurus
1187 1554 1371 1611 secum
1398 1554 1517 1630 ipse
1544 1553 1645 1610 diu
1684 1552 1944 1619 volvens,

387 1631 617 1688 tandein
658 1634 935 1709 promisit.
1025 1633 1295 1690 Ceterum
1322 1634 1486 1701 dolo,
1516 1655 1589 1690 an
1624 1650 1749 1689 vere
1773 1652 1946 1689 cunc*

386 1726 554 1778 tatus,
605 1733 808 1789 parum
849 1714 1252 1788 comperimus.
1340 1714 1448 1771 Sed
1488 1716 1822 1789 plerumque
1860 1731 1949 1768 re-

386 1790 487 1867 giae
513 1794 856 1859 volunt-ates,
910 1810 974 1849 ut
1001 1791 1379 1862 vehementes,
1414 1794 1483 1851 fic
1514 1793 1776 1859 mobileS,
1810 1791 1953 1866 saepe

379 1870 510 1945 ipsae
542 1873 640 1928 fibi
671 1872 936 1930 advorsae.
1013 1873 1208 1929 Postea
1237 1888 1488 1949 tempore
1514 1889 1569 1929 et
1591 1875 1719 1931 loco
1746 1871 1949 1929 consti-

381 1964 531 2018 tute,
563 1951 625 2008 in
673 1952 1048 2027 conloquium
1075 1955 1156 2009 uti
1184 1951 1255 2007 de
1300 1972 1436 2029 pace
1460 1954 1771 2018 veniretur,
1800 1951 1949 2008 Boc-

383 2029 522 2087 chus
549 2032 765 2089 Sullam
804 2033 1003 2100 modo,
1037 2032 1213 2089 modo
1229 2032 1527 2110 Jugurthae
1576 2035 1821 2108 legatum
1848 2027 1947 2088 ad-

384 2112 636 2186 pellare}
677 2113 920 2189 benigne
948 2112 1187 2180 habere3
1236 2113 1389 2170 idem
1415 2115 1687 2170 ambobus
1711 2112 1952 2186 pollice·
2022 2177 2028 2180 ,

385 2191 480 2256 ri.=
543 2191 644 2248 Illi
672 2193 882 2271 pariter
907 2192 1039 2260 laeti,
1072 2214 1134 2250 ac
1159 2193 1273 2265 spei
1298 2193 1457 2246 bonae
1480 2189 1793 2264 plenieffe.
1839 2190 1953 2247 Sed

382 2269 545 2326 nodle
572 2290 657 2335 ea,
684 2291 808 2346 quae
851 2289 1132 2345 proxuma
1158 2269 1269 2326 fuit
1296 2284 1423 2326 ante
1450 2269 1605 2348 dilem
1642 2268 1952 2343 conloquio

386 2349 699 2415 decretum,
735 2351 972 2406 Maurus
1008 2349 1279 2406 adhibitis
1307 2349 1522 2416 amiciS,
1562 2368 1624 2405 ac
1654 2347 1832 2403 statim
1857 2349 1951 2403 in·-

385 2444 598 2485 mutata
619 2430 931 2495 voluntate,
957 2421 1187 2486 remotis
1208 2431 1401 2487 ceteris
1420 2429 1628 2485 dicitur
1647 2427 1829 2485 secum
1859 2427 1951 2502 ip-

386 2508 438 2563 se
490 2509 671 2565 multa
697 2508 1000 2585 agitaviffe‚
1033 2510 1199 2572 vultu
1244 2510 1497 2584 corporis
1528 2509 1738 2582 pariter
1784 2521 1949 2581 atque

383 2586 576 2644 animo
603 2591 824 2644 varius:
873 2609 994 2663 quae
1026 2589 1253 2656 scilicet,
1289 2603 1500 2646 tacente
1539 2588 1686 2662 ipsc,
1730 2589 1951 2652 occulta

388 2669 502 2722 oris
531 2667 869 2743 patefeciffe.
956 2667 1177 2724 Tamen
1206 2667 1488 2742 postren‘io
1526 2666 1739 2723 Sullam
1765 2665 1952 2723 arceffi

373 2747 570 2823 jubet3
605 2763 659 2804 et
681 2769 752 2804 cx
775 2749 890 2824 ejus
915 2747 1182 2804 sententia
1210 2747 1474 2804 Numida-2
1496 2745 1717 2803 infidias
1738 2746 1942 2803 tendit.

382 2825 630 2894 Deinde,
660 2829 764 2884 vubi
786 2826 907 2882 dies
933 2828 1159 2883 advenit
1181 2851 1196 2894 3
1232 2842 1286 2883 et
1306 2829 1355 2883 ei
1375 2826 1703 2884 nunciatum
1724 2825 1819 2892 est,
1839 2827 1951 2897 Ju-

381 2901 648 2982 gurtham
675 2906 832 2964 haud
861 2909 1062 2983 procul
1087 2907 1261 2964 abeffe
1284 2931 1300 2974 ς
1347 2927 1476 2964 cum
1503 2906 1696 2982 paucis
1723 2908 1945 2974 amicis,

378 2999 433 3040 et
484 2985 771 3062 Quaestore
803 2987 1014 3062 nostro,
1051 2988 1199 3062 quafi
1246 2989 1443 3046 obvius
1462 2986 1705 3043 honoris
1744 2985 1941 3054 causta,

376 3065 640 3139 procedit
688 3068 748 3121 in
779 3068 1062 3126 tumulum
1104 3067 1459 3125 facillumum
1483 3067 1603 3126 visu
1630 3065 1945 3123 infidianti-

376 3147 503 3200 bus.
551 3145 771 3201 Eodem
800 3145 1054 3204 Numida
1075 3167 1204 3203 cum
1228 3146 1501 3222 plerisque
1523 3145 1826 3201 necessariis
1852 3145 1942 3202 su-

374 3222 420 3277 is
448 3223 700 3290 inermis,
733 3239 797 3280 ut
825 3224 1036 3280 dicium
1063 3241 1198 3291 erat,
1232 3225 1454 3286 adcedit
1477 3250 1494 3291 ς
1541 3245 1601 3280 ac
1630 3223 1811 3280 statim
1838 3224 1941 3302 fig-

374 3321 452 3360 no
467 3303 624 3371 dam,
645 3303 895 3379 undique
917 3305 1074 3361 fimul
1090 3325 1157 3362 ex
1173 3305 1387 3361 infidiis
1408 3303 1715 3362 mvaditur.
1752 3303 1945 3360 Ceteri

1588 3383 1903 3440 obtruncati
1926 3401 1947 3438 ι
