2387 4040
456 386 585 457 172
660 362 739 432 L.
777 360 1048 435 ANN.
1086 364 1234 433 FL.
1275 362 1407 434 PR
1435 365 1747 436 OOEM.
1791 367 1950 434 Lus.
1990 363 2044 433 Ι.

467 494 658 569 guinis
685 494 937 562 dederat,
970 498 1198 554 alteram
1228 498 1450 574 plebejo
1478 498 1727 566 Stoloni,
1761 500 1859 573 qui
1886 518 2033 574 quo-

465 574 597 629 dam
652 590 928 651 tempore,
955 577 1110 653 quod
1140 596 1286 632 uxor
1325 579 1442 654 ejus
1470 577 1696 636 li&oriae
1720 579 1894 656 virgae
1945 579 2034 633 so-

463 673 602 709 num
659 656 918 728 ignotum
945 657 1246 734 penatibus
1290 657 1395 712 suis
1426 672 1747 733 expaverat,
1780 680 1812 713 a
1842 658 2037 714 sorore

462 732 588 788 satis
616 733 918 792 insolenter
947 736 1124 799 irrisa,
1155 734 1422 812 injuriam
1450 757 1568 792 non
1599 737 1748 792 tulit
1836 739 2037 811 Itaque

460 811 651 868 nadius
710 815 1079 880 tribunatum,
1142 816 1448 871 Honorum
1503 833 1558 872 et
1604 816 2038 893 Magistratuum

460 891 830 983 consortium,
858 896 1111 970 quamvis
1134 895 1343 961 invito,
1372 895 1602 951 Senatui
1625 896 1873 962 extorfit.
1911 895 2033 951 Ve-

460 990 588 1025 rum
616 972 678 1027 in
707 972 795 1029 his
823 974 949 1048 ipfis
980 973 1350 1030 seditionibus
1384 974 1709 1050 Principem
1739 973 2036 1049 Populum

454 1067 575 1105 non
597 1053 880 1109 immerito
908 1053 1234 1128 suspexeris.
1323 1054 1614 1128 Siquidem
1647 1073 1798 1109 nunc
1831 1054 2034 1108 Liber-

454 1143 647 1194 tatem,
682 1151 834 1186 nunc
866 1130 1231 1196 Pudicitiam,
1265 1152 1418 1188 nunc
1447 1132 1736 1189 Natalium
1781 1132 2034 1208 dignita·-

455 1224 592 1274 tem,
630 1211 940 1267 Honorum
970 1211 1167 1266 decora
1203 1226 1256 1266 et
1297 1212 1530 1287 infignia
1556 1211 1901 1269 vindicavit:
1939 1211 2034 1267 in-

454 1302 647 1362 terque
689 1288 805 1346 haec
835 1293 1026 1347 omnia
1052 1290 1262 1345 nullius
1291 1293 1474 1347 acrior
1500 1291 1700 1357 custo-5,
1733 1311 1904 1365 quam
1933 1291 2033 1346 Li-

455 1368 706 1435 bertatis,
763 1368 896 1435 fuit,
954 1370 1227 1442 nullaque
1280 1371 1341 1424 in
1373 1371 1620 1460 pretium
1672 1373 1788 1446 ejus
1843 1371 2036 1448 potuit

454 1447 755 1540 largitione
783 1448 1109 1523 corr-umpi
1098 1490 1112 1513 ‚
1176 1468 1357 1521 quum
1404 1464 1481 1504 ut·
1489 1449 1549 1504 in
1578 1469 1811 1525 magnO,
1860 1464 1914 1505 et
1942 1449 2033 1502 in-

452 1527 573 1582 dies
603 1530 814 1604 majore
865 1529 1115 1603 Popu10,
1146 1527 1374 1594 interim
1424 1529 1721 1604 perniciofi
1762 1530 1908 1585 cives
1962 1548 2036 1582 ex

441 1604 699 1662 'isterent.
792 1608 1040 1665 Caffium
1072 1607 1283 1680 agraria
1313 1608 1484 1683 lege,
1505 1608 1762 1664 Maelium
1812 1607 2033 1682 largiti-

447 1704 587 1751 one,
616 1685 924 1760 suspeeium
946 1686 1106 1760 regiae
1130 1683 1566 1753 dominationiS,
1595 1686 1849 1761 praesenti
1876 1704 2036 1741 mor-

456 1781 510 1820 te
537 1764 834 1821 multavit:
882 1786 943 1822 ac
972 1765 1042 1820 de
1074 1762 1260 1822 Caffio
1288 1764 1526 1839 quidem
1554 1765 1898 1843 supplicium
1926 1784 2029 1839 pa-

457 1858 541 1898 ter
569 1842 736 1918 ipsius
766 1845 1026 1920 sumpfit.
1060 1842 1214 1899 hunc
1242 1843 1497 1919 Quinctii
1521 1844 1862 1910 ῌίἂειῑοτίε
1846 1862 2034 1918 impe·-

452 1923 565 1990 1io,
624 1923 683 1979 in
716 1925 907 1980 medio
937 1924 1087 1989 for0,
1147 1922 1415 1996 Magister
1443 1925 1715 1999 Equitum
1765 1922 2035 1979 Servilius

453 2001 649 2063 Ahala
691 2003 980 2061 confodit.
1062 2001 1352 2058 Manlium
1384 2023 1541 2068 vem,
1596 2003 1877 2078 Capitolii
1905 2001 2033 2059 vin·

454 2083 660 2148 dicem,
693 2087 827 2158 quia
864 2082 1158 2158 plerosque
1183 2078 1514 2137 debitorum
1558 2084 1910 2147 liberaverat,
1946 2080 2031 2135 al-

456 2162 567 2218 tius
596 2162 647 2217 se
671 2178 738 2219 et
758 2162 1039 2219 incivilius
1072 2159 1413 2226 efferentem,
1460 2162 1528 2216 ab
1553 2161 1678 2229 illa,
1711 2180 1884 2235 quam
1930 2159 2034 2216 de-

454 2239 734 2309 fenderat,
763 2255 901 2298 arce
932 2241 1157 2317 dejecit.
1236 2238 1404 2294 Talis
1433 2238 1592 2297 domi
1622 2263 1682 2298 ac
1710 2238 1882 2305 foris·
1869 2280 1884 2305 ‚
1949 2253 2032 2294 ta·-

457 2321 528 2375 lis
556 2339 688 2394 pace
720 2322 982 2395 belloque
1011 2319 1270 2393 Populus
1299 2320 1618 2410 Romanus,
1646 2320 1853 2376 fretum
1883 2316 2032 2373 illud

458 2398 892 2465 Adolescentiae,
952 2400 1016 2455 id
1045 2397 1139 2465 est,
1201 2396 1548 2455 secundam
1533 2399 1761 2475 imperii
1814 2410 2034 2454 aetatem

458 2477 739 2533 habuit:
724 2498 785 2533 m
807 2499 916 2553 qua
944 2493 1141 2546 totam,
1169 2476 1317 2535 inter
1337 2478 1515 2554 Alpes
1545 2479 1887 2555 fretumque,
1917 2477 2035 2533 Ita.-

460 2557 594 2615 liam
625 2559 789 2617 armis
814 2557 1053 2636 subegit.

1711 3343 2025 3400 LIBER

873 3413 1036 3424 000000
