2387 4040
603 365 1007 433 LIBER
1071 362 1168 433 ΙΙ.
1250 360 1617 433 Cinvl.
1792 366 1911 431 181

355 497 563 575 inquit,
587 517 724 555 mora
745 492 810 571 3st
823 488 854 549 ‚²
885 495 951 551 In
971 496 1058 552 hoc
1081 516 1170 569 ego
1172 492 1297 567 firm
1322 495 1493 551 bellum
1521 494 1787 571 Pacemque
1804 500 1925 569 por-

360 586 440 639 tof
466 588 626 635 utrum
653 568 884 650 eligitis?
923 575 1435 632 Succlamantibus:
1470 575 1696 631 Bellum!
1735 575 1929 631 Bellum

361 658 541 738 ι’ςὲιτιζ,
570 658 782 732 inquit,
813 653 1064 729 Accipite.-
1109 654 1329 711 cxcuffo
1358 655 1417 709 in
1448 653 1632 711 media
1656 654 1808 711 curia
1835 670 1926 712 to-

364 757 443 813 gae
472 738 714 813 gremi0,
741 756 864 791 non
883 736 995 791 fine
1017 734 1272 800 horrore,
1296 734 1445 808 quali
1470 735 1639 806 plane
1662 734 1781 791 finu
1808 735 1929 791 bel-
2011 800 2031 805 -

322 836 328 841 ·
361 817 486 874 lum
516 815 706 873 ferret.
789 815 1000 871 Similis
1025 812 1209 871 exitus
1240 813 1375 872 belli
1402 813 1569 869 initio
1597 812 1738 879 fuit3
1772 834 1927 881 nam,

366 896 518 970 quafi
547 896 646 951 has
673 894 902 949 inferias
939 893 1038 949 fibi
1062 889 1511 969 Saguntinorum
1559 892 1767 951 ultimae
1798 893 1933 951 dirae

362 975 428 1031 in
448 976 552 1031 illo
575 974 810 1050 publico
824 972 1136 1048 parricidio
1159 972 1537 1048 incendioque
1556 972 1928 1038 mandassent,

363 1054 442 1111 ita
469 1056 736 1111 Manibus
764 1072 984 1117 eorum,
1040 1052 1343 1109 vastatione
1369 1052 1568 1116 Italiae,
1615 1054 1935 1127 captivitate

365 1134 602 1201 Africae,
635 1128 864 1189 Ducum
890 1147 944 1188 ct
971 1134 1221 1208 Regum,
1252 1131 1351 1206 qui
1374 1130 1437 1187 id
1464 1130 1663 1208 geffere
1690 1132 1929 1199 bellum,

367 1214 543 1270 exitio
596 1227 948 1289 parentatum
988 1211 1084 1267 est.
1169 1213 1377 1289 Igitur,
1431 1213 1532 1267 ubi
1579 1210 1742 1267 semel
1794 1212 1845 1268 se
1870 1212 1933 1269 iu

369 1293 653 1369 Hispania
679 1292 864 1348 movit
891 1292 990 1347 illa
1019 1292 1190 1366 gravis
1221 1307 1275 1346 et
1296 1288 1542 1349 luctuosa
1570 1294 1772 1349 Punici
1803 1294 1933 1349 Bel-

203 1408 208 1413 ·
291 1418 297 1423 .
366 1373 409 1429 li
431 1375 514 1430 vis
543 1386 710 1447 atque
739 1370 1028 1446 tempestas
1053 1370 1500 1445 destinatumque
1522 1373 1797 1429 Romanis
1812 1373 1933 1447 jam

366 1452 468 1511 diu
493 1451 738 1518 fulmen,
769 1449 1082 1527 Saguntino
1106 1450 1239 1526 igne
1265 1450 1563 1508 conflavit:
1590 1452 1767 1509 statim
1788 1471 1933 1526 quo-

369 1533 500 1589 dam
529 1532 748 1606 impetu
779 1544 958 1605 rapta,
990 1529 1201 1585 medias
1226 1528 1498 1604 perfregit
1522 1533 1743 1607 Alpes3
1790 1546 1845 1587 et
1874 1533 1938 1587 in

369 1613 598 1667 Italiam
622 1609 691 1665 ab
739 1611 854 1665 illis
879 1607 1136 1665 fabulosae
1167 1610 1481 1667 altitudinis
1506 1614 1755 1678 nivibus,
1785 1612 1941 1667 velut

371 1692 514 1748 coelo
543 1688 722 1757 miffa,
754 1688 1063 1746 descendit.
1131 1690 1223 1763 Ac
1251 1689 1421 1763 primi
1440 1693 1674 1765 quidem
1699 1694 1943 1764 impetus

376 1773 546 1827 turbo
566 1770 714 1825 inter
736 1768 978 1834 Padum,
1009 1784 1066 1824 et
1083 1769 1381 1833 Ticinum,
1405 1771 1597 1829 valido
1626 1772 1805 1828 statim
1830 1770 1947 1827 fra-

374 1870 510 1928 gore
541 1849 828 1905 detonuit.
913 1849 1080 1905 Tunc
1098 1849 1364 1922 Scipione
1388 1849 1531 1907 duce
1557 1851 1707 1908 fusus
1733 1852 1943 1907 exerci-

375 1945 484 1987 tus.
531 1929 760 1987 Saucius
785 1944 841 1985 et
862 1928 980 2004 ipse
1001 1928 1232 1985 venisset
1254 1929 1317 1983 in
1340 1950 1539 1985 manus
1563 1929 1805 1987 hostium
1824 1933 1943 1987 Im-

373 2011 624 2087 perator}
655 2008 754 2065 nifi
807 2006 1119 2085 protectum
1147 2023 1365 2084 patrem
1419 2025 1769 2084 praetextatus
1798 2001 1943 2068 filius

165 2116 168 2120 ·
272 2084 282 2162 Ἰ
371 2095 446 2148 ab
473 2091 590 2166 ipsa
629 2104 812 2146 morte
839 2087 1121 2162 rapuiffet.
1212 2089 1323 2145 Hic
1352 2091 1460 2146 erit
1485 2091 1700 2166 Scipio,
1755 2092 1854 2166 qui
1882 2092 1943 2146 in

373 2172 612 2229 exitium
639 2169 850 2228 Africae
876 2169 1085 2235 crescit,
1113 2188 1323 2226 nomen
1352 2189 1421 2225 cx
1445 2171 1607 2226 malis
1634 2173 1680 2247 ej
1778 2169 1944 2227 habi-

379 2268 558 2308 turus.
615 2251 827 2306 Ticino
855 2247 1063 2304 Trebia
1090 2247 1351 2306 succedit.
1406 2249 1519 2306 Hic
1542 2251 1661 2308 secu
1748 2271 1780 2306 a
1806 2251 1944 2308 belli

373 2331 582 2391 Punici
647 2329 894 2404 procella
955 2327 1216 2395 desaeviit,
1280 2328 1619 2404 Sempronio
1664 2330 1936 2388 Consule.

371 2409 542 2468 Tunc
573 2407 906 2468 callidiffimi
927 2407 1129 2474 hostes,
1162 2406 1438 2486 frigidum
1462 2424 1517 2465 et
1538 2410 1783 2468 nivalem
1808 2431 1941 2470 nac-

369 2491 417 2548 ti
445 2491 620 2556 diem,
652 2509 830 2565 quum
857 2489 907 2544 se
933 2489 1160 2567 ignibus
1183 2490 1363 2563 prius,
1392 2490 1629 2564 oleoque
1656 2489 1932 2558 foviffent,

379 2569 672 2641 (horribile
724 2567 892 2640 dic'lu)
923 2567 1184 2628 homines
1212 2589 1243 2624 a
1270 2567 1506 2626 meridie
1547 2585 1601 2626 et
1624 2571 1753 2627 Sole
1779 2573 1939 2628 veni-

377 2665 554 2717 entes,
586 2649 768 2706 nostra
794 2666 904 2704 nos
946 2649 1131 2704 hieme
1157 2650 1437 2706 vicerunt.
1523 2649 1939 2708 Tranfimenius

376 2732 552 2795 lacus,
585 2729 810 2784 tertium
838 2725 1054 2786 fulmen
1079 2727 1409 2794 Annibalis,
1438 2731 1785 2804 Imperatore
1814 2732 1938 2788 Fla·

375 2810 578 2866 minio.
664 2811 755 2865 Ibi
801 2827 1026 2884 quoque
1075 2827 1160 2863 ars
1214 2827 1361 2866 nova
1410 2811 1634 2866 Punicae
1684 2809 1932 2877 fraudis3

376 2891 592 2965 quippe
619 2889 823 2946 nebula
848 2889 996 2946 lacus
1024 2887 1462 2965 palustribusque
1484 2889 1743 2965 virgultis
1774 2891 1939 2949 tectus

379 2989 570 3043 eques,
604 2984 754 3046 terga
778 2968 962 3026 subito
1012 2969 1395 3046 pugnantium
1424 2969 1638 3028 invasit.
1726 2972 1847 3028 Nec
1870 2971 1940 3029 de

379 3049 505 3104 Diis
528 3048 814 3124 possumus
844 3050 1028 3124 queri.
1098 3050 1503 3108 Imminentem
1528 3051 1745 3126 quippe
1774 3066 1941 3107 teme·-

381 3128 528 3184 rario
551 3127 684 3188 duci
705 3127 922 3186 cladem
945 3127 1322 3203 praedixerant
1341 3130 1633 3186 infidentia
1653 3131 1818 3207 [ignis
1840 3150 1940 3187 ex-

375 3207 588 3275 amina,
634 3223 689 3264 et
715 3209 912 3280 aquilae
954 3207 1183 3284 prodire
1211 3210 1489 3273 nolentes,
1520 3224 1574 3264 et
1600 3207 1940 3268 commiffam

383 3288 559 3346 aciem
617 3287 880 3362 sequutus
900 3333 908 3344 .
925 3289 1126 3365 ingens
1174 3303 1326 3346 terrae
1354 3303 1595 3346 tremor:
1648 3288 1751 3345 nifi
1778 3288 1942 3347 illum

1135 3369 1215 3444 Q,
1229 3424 1243 3434 ,
1650 3365 1821 3428 horto
1828 3391 1943 3430 rem
