2387 4040
590 383 999 460 LIBER
1048 382 1177 449 111.
1235 382 1435 449 Cir.
1503 382 1695 449 XXI.
1801 405 1930 471 237

384 512 521 577 dein
554 513 617 566 in
646 513 862 568 honore
886 514 1083 568 virium
1114 514 1408 588 gladiator.
1495 513 1616 589 Qui
1641 511 1932 567 defuneto-

386 610 516 645 rum
566 610 791 665 quoque
836 593 1032 665 praelio
1081 593 1292 647 ducum
1335 591 1531 648 funera
1565 592 1934 664 imperatoriis

387 670 689 725 celebravit
716 672 990 743 exequiiS,
1022 672 1376 744 captivosque
1406 670 1550 725 circa
1577 690 1778 745 rogum
1814 670 1934 744 jus-
1969 688 1992 709 ⁴

387 746 450 800 lit
476 749 647 802 armis
674 748 1019 822 depugnare,
1050 750 1196 822 quafi
1221 750 1388 823 plane
1411 749 1736 822 expiaturus
1763 767 1934 802 omne

387 827 733 897 praeteritum
760 826 1024 890 dedecus,
1076 828 1111 881 fi
1154 829 1225 881 de
1265 827 1572 903 gladiatore
1610 840 1933 881 munerator

385 902 592 958 fuiffet.
682 904 825 959 Inde
865 906 983 980 jam
1026 906 1336 961 consulares
1383 923 1604 978 quoque
1629 903 1926 980 aggreffus,

384 982 445 1035 in
470 983 787 1057 Apennino
812 984 1039 1038 Lentuli
1066 984 1370 1039 exercitum
1383 982 1703 1057 percecidit.
1750 983 1933 1056 Apud

270 1055 281 1060 ’
384 1062 676 1116 Mutinam
720 1062 849 1116 Caii
878 1060 1047 1116 Caffii
1079 1064 1244 1118 castra
1271 1061 1496 1117 delevit.
1569 1062 1788 1139 Quibus
1817 1063 1930 1115 ela-

386 1153 473 1194 tus
512 1138 779 1203 vistoriiS,
810 1139 881 1194 de
922 1140 1240 1195 invadenda
1277 1142 1413 1195 urbe
1455 1143 1714 1195 Romana
1757 1138 1932 1213 (quod

387 1217 515 1273 Fatis
542 1219 613 1273 est
644 1218 987 1309 turpitudini
1010 1219 1224 1291 nostrae)
1253 1219 1606 1275 deliberavit.
1667 1218 1930 1273 Tandem

387 1298 557 1351 etiam
582 1298 712 1353 totis
752 1297 981 1370 imperii
1022 1299 1234 1353 viribus
1283 1314 1478 1354 contra
1525 1297 1934 1353 mirmillonem

384 1376 773 1451 consurgitur:
834 1375 1222 1450 pudoremque
1284 1378 1610 1432 Romanum
1681 1376 1932 1431 Licinius

396 1452 623 1509 Crafl'us
636 1453 873 1509 afferuit.
920 1454 978 1509 A
1003 1473 1119 1528 quo
1142 1456 1281 1529 pulfi
1311 1454 1599 1531 fugatique
1616 1450 1812 1527 (pudet
1836 1453 1929 1507 di-

384 1534 529 1603 cere)
585 1531 765 1587 hostes
815 1535 877 1588 in
924 1548 1169 1589 extrema
1217 1533 1388 1589 Italiae
1435 1533 1776 1608 refugerunt.
1833 1532 1928 1589 lbi

384 1611 531 1665 circa
578 1612 863 1666 Bruttium
913 1611 1184 1687 angulum
1236 1611 1388 1675 clufi,
1439 1632 1616 1685 quum
1641 1610 1880 1684 fugam
1864 1629 1930 1663 m

381 1688 629 1743 Siciliam
672 1704 951 1762 pararent,
986 1708 1166 1763 neque
1192 1691 1416 1764 navigia
1435 1690 1812 1764 suppeterent,
1840 1706 1927 1741 ra·

384 1767 571 1840 tesque
598 1786 669 1821 ex
694 1768 959 1831 cratibus,
990 1782 1045 1821 et
1090 1768 1246 1823 dolia
1291 1788 1548 1823 connexa
1575 1768 1830 1842 virgultis
1857 1765 1925 1822 inl

385 1844 737 1918 rapidiffitno
790 1842 934 1900 freto
987 1844 1182 1901 frustra
1233 1848 1642 1920 experirentur,
1701 1843 1928 1899 tandem

384 1923 684 1996 eruptione
708 1921 869 1988 fafiia,
901 1923 1131 1998 dignam
1164 1924 1304 1979 viris
1331 1926 1522 1979 obiere
1541 1938 1816 1977 mortemz
1863 1936 1922 1976 et
2013 1980 2026 1997 Ι

385 1999 543 2076 quod
576 2001 674 2056 sub
704 1999 1009 2075 gladiatore
1040 2000 1181 2058 duce
1208 2003 1484 2076 oportuit,
1534 2001 1645 2056 fine
1673 1999 1924 2056 miffione

384 2092 700 2152 pugnatum
738 2077 838 2131 est.
882 2078 1171 2150 Spartacus
1214 2080 1424 2152 ipsein
1469 2081 1660 2152 primo
1705 2080 1929 2152 agmine
2037 2083 2056 2098 “

384 2154 675 2211 fortiffime
700 2154 998 2221 dimicans,
1038 2155 1186 2231 quasi
1214 2159 1550 2234 Imperator,
1591 2155 1796 2214 occisus
1825 2153 1920 2210 est.

804 2339 853 2395 C
936 2339 997 2396 A
1078 2341 1147 2396 P.
1318 2339 1494 2396 XXI.

851 2499 935 2552 Be
932 2499 1040 2553 ’lum
1064 2499 1208 2555 civile
1225 2499 1540 2556 Marianum.

377 2554 593 2764 H
556 2632 616 2688 O
640 2631 693 2688 C
736 2632 923 2688 deerat
949 2653 1124 2690 unum
1154 2635 1362 2710 Populi
1383 2637 1629 2692 Romani
1653 2638 1834 2704 malis,
1863 2653 1928 2695 ut

569 2714 691 2787 jam
732 2712 850 2786 ipse
895 2713 1043 2767 intra
1068 2715 1121 2767 se
1166 2715 1497 2786 parricidale
1523 2717 1734 2772 bellum
1763 2717 1925 2774 domi

383 2792 695 2868 stringeret,
726 2805 781 2844 et
808 2792 869 2844 in
888 2793 1027 2845 urbe
1056 2793 1242 2848 media
1260 2812 1320 2847 ac
1343 2793 1490 2858 foro,
1510 2795 1662 2868 quasi
1692 2794 1922 2862 harena,

386 2873 531 2928 cives
561 2887 691 2924 cum
719 2869 933 2924 civibus
976 2868 1105 2934 suiS,
1144 2869 1476 2944 gladiatorio
1506 2893 1661 2930 more
1687 2894 1927 2930 concur-

384 2962 594 3003 rerent.
620 2945 902 3018 -AEquiore
932 2950 1122 3002 animo
1148 2963 1434 3024 utcunque
1471 2950 1695 3020 ferrem,
1739 2954 1775 3008 fi
1803 2955 1928 3028 ple-

383 3028 496 3082 beii
524 3025 716 3088 duces,
763 3039 859 3077 aut
894 3025 930 3078 fi
970 3026 1211 3091 nobiles,
1243 3030 1376 3083 mali
1423 3029 1615 3085 saltem
1661 2993 1927 3087 ducatum

385 3103 575 3218 sceleri
604 3102 987 3176 praebuifl'ent:
1034 3121 1210 3176 quum
1241 3125 1395 3172 vero,
1422 3126 1527 3182 pro
1555 3109 1798 3168 facinus.
1825 3113 1928 3183 qui

383 3184 525 3240 viri!
574 3181 673 3254 qui
729 3182 1121 3253 imperatores!
1168 3182 1372 3241 decora
1399 3201 1451 3242 et
1480 3205 1804 3245 ornamenta
1845 3189 1926 3245 se-

382 3263 497 3320 culi
529 3261 631 3326 sui,
663 3260 898 3326 Marius,
928 3273 983 3316 et
1024 3260 1200 3336 Sylla,
1233 3262 1462 3337 peffirno
1500 3265 1734 3326 facinori
1775 3270 1927 3329 suam

1759 3363 1927 3409 etlam
