2387 4040
612 369 1067 443 BELLUM
1095 346 1656 467 JUGURTH.
1697 424 1706 433 .
1816 367 1900 443 ει

434 582 570 639 ΧΙ...
603 580 1138 647 Interim-Albinus,
1169 584 1434 638 renovato
1457 581 1603 637 bello
1624 598 1902 640 commea?

312 702 318 707 -
356 678 500 726 tum,
531 660 905 734 stipendium,
939 662 1177 737 aliaque,
1205 681 1325 733 quae
1362 659 1637 716 militibus
1664 659 1786 714 usui
1814 657 1901 714 fo-

348 755 496 806 rent,
531 754 768 795 maturat
794 738 853 793 in
887 739 1142 796 Africam
1169 755 1427 814 portare3
1477 760 1537 795 ac
1580 738 1758 794 statim
1784 736 1902 812 ipse

346 817 647 892 prostans,
683 819 767 872 uti
794 832 921 873 ante
968 819 1218 885 comitia,
1262 818 1420 892 quod
1471 833 1692 891 tempus
1743 813 1901 872 haud

350 899 518 974 longe
550 899 777 961 aberat,
834 897 1024 962 armis,
1048 911 1172 961 saut
1226 896 1542 961 deditione,
1574 910 1670 952 aut
1700 894 1901 968 quovis

345 977 521 1032 modo
574 977 783 1031 bellum
831 976 1145 1032 conficeret.
1236 976 1319 1031 At
1360 989 1583 1041 contra,
1618 970 1907 1049 jugurtha

349 1055 566 1110 trahere
594 1054 808 1120 omnia,
841 1069 896 1110 et
918 1053 1317 1145 aliamaeinde
1345 1056 1476 1110 alias
1507 1073 1675 1108 rnorae
1704 1049 1905 1107 cauffas

348 1133 556 1188 facere:
618 1133 878 1207 polliceri
929 1133 1303 1200 deditionem,
1362 1156 1421 1189 ac
1451 1132 1660 1188 deinde
1690 1144 1906 1185 metum

351 1211 639 1289 fimulare:
688 1210 915 1267 instanti
943 1213 1159 1278 cedere,
1219 1228 1273 1267 et
1323 1212 1516 1289 paullo
1546 1210 1691 1287 post,
1721 1229 1794 1263 ne
1818 1208 1904 1265 sui

351 1284 694 1355 diffiderent,
727 1289 960 1345 instare:
1016 1291 1093 1346 ita
1122 1290 1255 1347 belli
1286 1292 1481 1354 mod0‚
1533 1288 1707 1345 modo
1755 1288 1907 1362 pacis

332 1370 511 1424 'mora
545 1369 859 1426 Consulem
905 1369 1218 1426 ludificare.
1306 1371 1395 1426 Ac
1425 1368 1600 1432 fuere,
1651 1369 1752 1442 qui
1783 1381 1905 1422 tum

352 1448 640 1517 Albinum
667 1445 820 1504 haud
871 1451 1134 1524 ignarum
1166 1448 1381 1504 consilii
1430 1448 1574 1520 regis
1604 1445 1903 1502 existuma-

352 1541 511 1593 rent3
560 1546 739 1603 neque
769 1547 837 1583 ex
868 1540 1019 1596 tanta
1048 1529 1410 1602 properantia
1440 1541 1550 1582 tam
1578 1524 1735 1580 facile
1765 1536 1904 1579 trac-

356 1620 476 1664 tum
502 1608 715 1664 bellum
744 1604 989 1663 secordia
1011 1606 1208 1682 magiS,
1234 1626 1405 1682 quam
1428 1603 1562 1661 dolo
1585 1601 1901 1663 crederent.

358 1824 367 1829 ,
441 1763 607 1820 XLI.
642 1763 751 1821 Sed
780 1762 1101 1839 postquam,
1126 1764 1347 1842 dilapso
1392 1781 1665 1841 tempore,
1724 1757 1906 1831 comi-

361 1842 567 1899 tiorum
593 1844 713 1900 dies
743 1844 1109 1908 adventabat;
1158 1845 1431 1912 Albinus,
1462 1845 1620 1903 Aulo
1645 1844 1812 1900 fratre
1842 1842 1906 1899 in

360 1922 541 1978 castris
586 1937 932 1999 propraetore
960 1923 1171 1986 relicto,
1205 1926 1451 1978 Romam
1494 1916 1735 1979 deceffit.
1825 1922 1912 1975 Ea

363 2002 679 2076 tempestate
728 2002 925 2056 Romae
972 2000 1336 2059 seditionibus
1366 2001 1674 2059 tribuniciis
1703 1995 1906 2058 atroci-

364 2095 447 2136 ter
466 2081 799 2155 Respublica
812 2080 1144 2154 agitabatur.
1197 2083 1263 2137 P.
1291 2083 1581 2147 Lucullus„
1610 2096 1664 2137 et
1690 2081 1758 2136 L.
1776 2078 1906 2134 An-
1944 2111 1949 2120 ‚

359 2159 510 2225 niuS,
545 2159 754 2215 tribuni
784 2159 989 2233 plebis,
1043 2160 1407 2216 resistentibus
1444 2160 1720 2236 conlegiS,
1770 2174 1907 2213 con—

360 2238 576 2294 tinuare
604 2236 984 2313 magistratum
1009 2238 1364 2293 nitebantur:
1397 2258 1517 2311 qua:
1545 2236 1798 2292 diffenfio
1822 2251 1908 2289 to·

362 2318 468 2372 tius
507 2318 642 2372 anni
670 2316 895 2373 comitia
940 2316 1305 2391 impediebat.
1379 2319 1458 2373 Ea
1485 2336 1642 2374 mora
1669 2316 1728 2369 in
1758 2314 1911 2390 spem

362 2394 629 2452 adductus
658 2395 868 2459 Aulus,
925 2414 1091 2469 quem
1137 2412 1482 2473 propraetore
1525 2398 1586 2452 in
1613 2393 1796 2452 castris
1822 2413 1908 2449 re·

361 2474 553 2542 licium
600 2475 764 2550 supra
813 2473 1084 2542 diximus,
1118 2492 1212 2532 aut
1249 2476 1597 2534 conficiundi
1625 2474 1781 2541 belli,
1814 2485 1909 2530 aut

362 2570 569 2611 terrore
582 2553 856 2612 exercitus
884 2555 951 2608 ab
978 2575 1106 2629 r-ege
1134 2557 1385 2629 pecuniae
1406 2554 1720 2630 capiundae,
1756 2552 1910 2609 mili·

365 2647 443 2690 tes
470 2634 654 2689 mense
671 2631 945 2702 Januario
985 2654 1053 2690 ex
1081 2632 1335 2689 hibernis
1386 2636 1447 2692 in
1490 2632 1912 2707 expeditionem

365 2728 593 2778 evocat3
642 2709 971 2787 magnisque
998 2710 1290 2768 itineribus
1341 2710 1525 2786 hieme
1563 2711 1753 2784 aspera
1781 2729 1911 2783 per-

262 2850 274 2859 ⁸
364 2792 516 2846 venit
530 2791 600 2847 ad
618 2790 900 2866 oppidum
917 2790 1144 2856 Suthul,
1177 2793 1275 2847 ubi
1303 2792 1443 2867 regis
1473 2788 1712 2845 thesauri
1728 2802 1908 2844 erant.

370 2869 545 2945 Quod
572 2887 935 2945 quamquam,
968 2885 1022 2925 et
1046 2870 1245 2930 saevitia
1276 2871 1570 2945 temporis,
1603 2883 1655 2924 et
1675 2899 1680 2904 -
1700 2870 1910 2944 obpor-

367 2950 599 3004 tunitate
627 2951 760 3015 loci,
791 2968 971 3022 neque
998 2948 1148 3025 capi,
1183 2967 1362 3024 neque
1390 2950 1625 3006 obsideri
1659 2962 1908 3025 poterat:

364 3046 498 3082 nam
526 3015 738 3084 ficum
768 3047 1018 3093 murum,
1073 3027 1237 3085 fitum
1265 3030 1327 3084 in
1378 3029 1648 3104 praerupti
1703 3027 1915 3084 montis

356 3120 641 3173 ,extremm
677 3107 944 3181 planicies
979 3107 1173 3163 limosa
1203 3107 1536 3164 hiemalibus
1566 3107 1720 3182 aquis
1749 3108 1912 3180 palu-

362 3183 496 3239 dem
521 3185 720 3241 fecerat
738 3206 752 3240 :
770 3200 996 3264 stamen,
1030 3186 1433 3259 aut-fimulandi„
1451 3182 1776 3265 gratiaque
1799 3184 1917 3258 regi

366 3260 735 3321 formidinem
781 3264 1043 3334 adderet;
1116 3280 1212 3323 aut
1264 3261 1532 3342 cupidine
1589 3282 1783 3397 caegui‘j,
1837 3262 1911 3316 Ob

1631 3358 1652 3399 t
1698 3361 1725 3398 e
1752 3358 1912 3398 auros
