<?xml version="1.0" encoding="UTF-8"?>
<!DOCTYPE html PUBLIC "-//W3C//DTD XHTML 1.0 Transitional//EN"
    "http://www.w3.org/TR/xhtml1/DTD/xhtml1-transitional.dtd">
<html xmlns="http://www.w3.org/1999/xhtml" xml:lang="en" lang="en">
 <head>
  <title>
</title>
<meta http-equiv="Content-Type" content="text/html;charset=utf-8" />
  <meta name='ocr-system' content='tesseract 3.04.00' />
  <meta name='ocr-capabilities' content='ocr_page ocr_carea ocr_par ocr_line ocrx_word'/>
</head>
<body>
  <div class='ocr_page' id='page_1' title='image "./ccrispussallust00florgoog_0198.png"; bbox 0 0 2387 4040; ppageno 0'>
   <div class='ocr_carea' id='block_1_1' title="bbox 505 362 1784 456">
    <p class='ocr_par' dir='ltr' id='par_1_1' title="bbox 505 362 1784 456">
     <span class='ocr_line' id='line_1_1' title="bbox 505 362 1784 456; baseline -0.002 -21"><span class='ocrx_word' id='word_1_1' title='bbox 505 389 640 456; x_wconf 85' lang='lat'>190</span> <span class='ocrx_word' id='word_1_2' title='bbox 777 366 862 435; x_wconf 86' lang='lat' dir='ltr'>L.</span> <span class='ocrx_word' id='word_1_3' title='bbox 913 362 1346 439; x_wconf 74' lang='lat' dir='ltr'><em>ANNAEI</em></span> <span class='ocrx_word' id='word_1_4' title='bbox 1419 365 1784 437; x_wconf 68' lang='lat' dir='ltr'>nom</span> 
     </span>
    </p>
   </div>
   <div class='ocr_carea' id='block_1_2' title="bbox 401 489 2097 3430">
    <p class='ocr_par' dir='ltr' id='par_1_2' title="bbox 401 489 2097 3430">
     <span class='ocr_line' id='line_1_2' title="bbox 483 489 2044 571; baseline -0.003 -22"><span class='ocrx_word' id='word_1_5' title='bbox 483 492 683 568; x_wconf 81' lang='lat' dir='ltr'>pestas.</span> <span class='ocrx_word' id='word_1_6' title='bbox 739 493 849 550; x_wconf 89' lang='lat' dir='ltr'>Sed</span> <span class='ocrx_word' id='word_1_7' title='bbox 873 495 1154 551; x_wconf 87' lang='lat' dir='ltr'>maximus</span> <span class='ocrx_word' id='word_1_8' title='bbox 1184 496 1432 571; x_wconf 84' lang='lat' dir='ltr'>Regum,</span> <span class='ocrx_word' id='word_1_9' title='bbox 1478 507 1778 549; x_wconf 85' lang='lat' dir='ltr'>contentus</span> <span class='ocrx_word' id='word_1_10' title='bbox 1826 489 2044 546; x_wconf 77' lang='lat' dir='ltr'>fortiter</span> 
     </span>
     <span class='ocr_line' id='line_1_3' title="bbox 483 571 2043 651; baseline -0.001 -24"><span class='ocrx_word' id='word_1_11' title='bbox 483 571 746 629; x_wconf 71' lang='lat' dir='ltr'>indixisse</span> <span class='ocrx_word' id='word_1_12' title='bbox 776 575 1014 640; x_wconf 84' lang='lat' dir='ltr'>bellum,</span> <span class='ocrx_word' id='word_1_13' title='bbox 1035 594 1211 648; x_wconf 88' lang='lat' dir='ltr'>quum</span> <span class='ocrx_word' id='word_1_14' title='bbox 1242 574 1461 651; x_wconf 83' lang='lat' dir='ltr'><strong>ingenti</strong></span> <span class='ocrx_word' id='word_1_15' title='bbox 1489 572 1718 647; x_wconf 82' lang='lat' dir='ltr'>strepitu</span> <span class='ocrx_word' id='word_1_16' title='bbox 1740 592 1801 626; x_wconf 88' lang='lat' dir='ltr'>ac</span> <span class='ocrx_word' id='word_1_17' title='bbox 1835 573 2043 627; x_wconf 88' lang='lat' dir='ltr'>tumul-</span> 
     </span>
     <span class='ocr_line' id='line_1_4' title="bbox 487 617 2046 728; baseline -0.001 -21"><span class='ocrx_word' id='word_1_18' title='bbox 487 665 547 707; x_wconf 90' lang='lat' dir='ltr'>tu</span> <span class='ocrx_word' id='word_1_19' title='bbox 571 652 904 709; x_wconf 81' lang='lat' dir='ltr'>moviffetex</span> <span class='ocrx_word' id='word_1_20' title='bbox 924 617 1076 720; x_wconf 81' lang='lat' dir='ltr'>Alia,</span> <span class='ocrx_word' id='word_1_21' title='bbox 1103 654 1390 728; x_wconf 88' lang='lat' dir='ltr'>occupatis</span> <span class='ocrx_word' id='word_1_22' title='bbox 1417 653 1596 709; x_wconf 82' lang='lat' dir='ltr'><strong>statim</strong></span> <span class='ocrx_word' id='word_1_23' title='bbox 1625 650 1857 716; x_wconf 75' lang='lat' dir='ltr'>insulis,</span> <span class='ocrx_word' id='word_1_24' title='bbox 1890 651 2046 706; x_wconf 87' lang='lat' dir='ltr'>Grae-</span> 
     </span>
     <span class='ocr_line' id='line_1_5' title="bbox 482 731 2052 822; baseline -0.003 -36"><span class='ocrx_word' id='word_1_25' title='bbox 482 731 689 805; x_wconf 78' lang='lat' dir='ltr'>eiaeque</span> <span class='ocrx_word' id='word_1_26' title='bbox 742 734 1051 797; x_wconf 76' lang='lat' dir='ltr'>littoribuS,</span> <span class='ocrx_word' id='word_1_27' title='bbox 1084 735 1197 788; x_wconf 80' lang='lat' dir='ltr'>otia</span> <span class='ocrx_word' id='word_1_28' title='bbox 1244 748 1299 788; x_wconf 89' lang='lat' dir='ltr'>et</span> <span class='ocrx_word' id='word_1_29' title='bbox 1351 734 1517 788; x_wconf 84' lang='lat' dir='ltr'>luxus</span> <span class='ocrx_word' id='word_1_30' title='bbox 1552 746 1825 822; x_wconf 82' lang='lat' dir='ltr'>tanquam</span> <span class='ocrx_word' id='word_1_31' title='bbox 1872 731 2052 787; x_wconf 65' lang='lat' dir='ltr'>vietor</span> 
     </span>
     <span class='ocr_line' id='line_1_6' title="bbox 484 807 2047 886; baseline -0.001 -21"><span class='ocrx_word' id='word_1_32' title='bbox 484 811 752 886; x_wconf 82' lang='lat' dir='ltr'>agitabat.</span> <span class='ocrx_word' id='word_1_33' title='bbox 823 812 1093 868; x_wconf 81' lang='lat' dir='ltr'>Euboeam</span> <span class='ocrx_word' id='word_1_34' title='bbox 1115 812 1381 877; x_wconf 80' lang='lat' dir='ltr'>insulam,</span> <span class='ocrx_word' id='word_1_35' title='bbox 1413 811 1726 866; x_wconf 83' lang='lat' dir='ltr'>continenti</span> <span class='ocrx_word' id='word_1_36' title='bbox 1753 807 2047 865; x_wconf 82' lang='lat' dir='ltr'>adhaeren-</span> 
     </span>
     <span class='ocr_line' id='line_1_7' title="bbox 485 889 2052 970; baseline -0.002 -24"><span class='ocrx_word' id='word_1_37' title='bbox 485 903 621 956; x_wconf 75' lang='lat' dir='ltr'>tem,</span> <span class='ocrx_word' id='word_1_38' title='bbox 670 891 824 949; x_wconf 84' lang='lat' dir='ltr'>tenui</span> <span class='ocrx_word' id='word_1_39' title='bbox 877 890 1020 950; x_wconf 78' lang='lat' dir='ltr'>freto</span> <span class='ocrx_word' id='word_1_40' title='bbox 1069 891 1549 970; x_wconf 81' lang='lat' dir='ltr'>reciprocantibus</span> <span class='ocrx_word' id='word_1_41' title='bbox 1588 889 1743 965; x_wconf 77' lang='lat' dir='ltr'>aquis</span> <span class='ocrx_word' id='word_1_42' title='bbox 1801 890 2052 962; x_wconf 76' lang='lat' dir='ltr'>Euripus</span> 
     </span>
     <span class='ocr_line' id='line_1_8' title="bbox 480 968 2052 1047; baseline -0.003 -21"><span class='ocrx_word' id='word_1_43' title='bbox 480 969 740 1027; x_wconf 82' lang='lat' dir='ltr'><strong>abscidit.</strong></span> <span class='ocrx_word' id='word_1_44' title='bbox 829 973 939 1029; x_wconf 84' lang='lat' dir='ltr'>Hic</span> <span class='ocrx_word' id='word_1_45' title='bbox 986 974 1081 1029; x_wconf 88' lang='lat' dir='ltr'>ille</span> <span class='ocrx_word' id='word_1_46' title='bbox 1128 971 1318 1047; x_wconf 81' lang='lat' dir='ltr'>politis</span> <span class='ocrx_word' id='word_1_47' title='bbox 1343 971 1524 1029; x_wconf 78' lang='lat' dir='ltr'>aureis</span> <span class='ocrx_word' id='word_1_48' title='bbox 1550 968 1839 1047; x_wconf 83' lang='lat' dir='ltr'>sericisque</span> <span class='ocrx_word' id='word_1_49' title='bbox 1866 982 2052 1025; x_wconf 87' lang='lat' dir='ltr'>tento·</span> 
     </span>
     <span class='ocr_line' id='line_1_9' title="bbox 482 1047 2054 1126; baseline 0.002 -24"><span class='ocrx_word' id='word_1_50' title='bbox 482 1049 604 1113; x_wconf 70' lang='lat' dir='ltr'><strong>riis»,</strong></span> <span class='ocrx_word' id='word_1_51' title='bbox 637 1051 735 1107; x_wconf 89' lang='lat' dir='ltr'>sub</span> <span class='ocrx_word' id='word_1_52' title='bbox 765 1050 890 1126; x_wconf 89' lang='lat' dir='ltr'>ipso</span> <span class='ocrx_word' id='word_1_53' title='bbox 921 1051 1049 1108; x_wconf 86' lang='lat' dir='ltr'><strong>freti</strong></span> <span class='ocrx_word' id='word_1_54' title='bbox 1093 1070 1405 1114; x_wconf 85' lang='lat' dir='ltr'>murmure</span> <span class='ocrx_word' id='word_1_55' title='bbox 1460 1069 1637 1125; x_wconf 86' lang='lat' dir='ltr'>quum</span> <span class='ocrx_word' id='word_1_56' title='bbox 1662 1048 1811 1107; x_wconf 80' lang='lat' dir='ltr'>inter</span> <span class='ocrx_word' id='word_1_57' title='bbox 1839 1047 2054 1105; x_wconf 81' lang='lat' dir='ltr'>fluenta</span> 
     </span>
     <span class='ocr_line' id='line_1_10' title="bbox 484 1126 2046 1220; baseline 0.001 -36"><span class='ocrx_word' id='word_1_58' title='bbox 484 1127 638 1185; x_wconf 85' lang='lat' dir='ltr'><strong>tibiis</strong></span> <span class='ocrx_word' id='word_1_59' title='bbox 692 1130 1009 1220; x_wconf 51' lang='lat' dir='ltr'>fidibusque</span> <span class='ocrx_word' id='word_1_60' title='bbox 1066 1131 1408 1197; x_wconf 62' lang='lat' dir='ltr'>concineret,</span> <span class='ocrx_word' id='word_1_61' title='bbox 1488 1128 1705 1189; x_wconf 79' lang='lat' dir='ltr'>collatis</span> <span class='ocrx_word' id='word_1_62' title='bbox 1763 1126 2046 1202; x_wconf 78' lang='lat' dir='ltr'>undique.</span> 
     </span>
     <span class='ocr_line' id='line_1_11' title="bbox 478 1206 2050 1284; baseline -0.001 -19"><span class='ocrx_word' id='word_1_63' title='bbox 478 1210 734 1284; x_wconf 81' lang='lat' dir='ltr'>quamvis</span> <span class='ocrx_word' id='word_1_64' title='bbox 763 1230 866 1284; x_wconf 86' lang='lat' dir='ltr'>per</span> <span class='ocrx_word' id='word_1_65' title='bbox 901 1209 1173 1276; x_wconf 86' lang='lat' dir='ltr'><strong>hiemem,</strong></span> <span class='ocrx_word' id='word_1_66' title='bbox 1231 1210 1386 1271; x_wconf 81' lang='lat' dir='ltr'>r‚ofis</span> <span class='ocrx_word' id='word_1_67' title='bbox 1419 1227 1489 1265; x_wconf 86' lang='lat' dir='ltr'>ne</span> <span class='ocrx_word' id='word_1_68' title='bbox 1536 1228 1656 1264; x_wconf 87' lang='lat' dir='ltr'>non</span> <span class='ocrx_word' id='word_1_69' title='bbox 1686 1206 1881 1281; x_wconf 81' lang='lat' dir='ltr'>aliquo</span> <span class='ocrx_word' id='word_1_70' title='bbox 1910 1207 2050 1263; x_wconf 78' lang='lat' dir='ltr'>Dux</span> 
     </span>
     <span class='ocr_line' id='line_1_12' title="bbox 520 1279 2050 1365; baseline 0.001 -22"><span class='ocrx_word' id='word_1_71' title='bbox 520 1306 683 1345; x_wconf 78' lang='lat' dir='ltr'>encre</span> <span class='ocrx_word' id='word_1_72' title='bbox 707 1289 1016 1356; x_wconf 82' lang='lat' dir='ltr'>videretur,</span> <span class='ocrx_word' id='word_1_73' title='bbox 1037 1291 1329 1365; x_wconf 81' lang='lat' dir='ltr'>virginum</span> <span class='ocrx_word' id='word_1_74' title='bbox 1356 1306 1778 1364; x_wconf 83' lang='lat' dir='ltr'>puerorumque</span> <span class='ocrx_word' id='word_1_75' title='bbox 1804 1279 2050 1345; x_wconf 58' lang='lat' dir='ltr'>deleam</span> 
     </span>
     <span class='ocr_line' id='line_1_13' title="bbox 477 1306 2053 1446; baseline -0.001 -23"><span class='ocrx_word' id='word_1_76' title='bbox 477 1306 742 1424; x_wconf 55' lang='lat' dir='ltr'>lambebat.</span> <span class='ocrx_word' id='word_1_77' title='bbox 829 1369 1030 1426; x_wconf 84' lang='lat' dir='ltr'><strong>Talem</strong></span> <span class='ocrx_word' id='word_1_78' title='bbox 1061 1389 1195 1445; x_wconf 83' lang='lat' dir='ltr'>ergo</span> <span class='ocrx_word' id='word_1_79' title='bbox 1252 1370 1492 1446; x_wconf 78' lang='lat' dir='ltr'>Regem,</span> <span class='ocrx_word' id='word_1_80' title='bbox 1519 1369 1637 1445; x_wconf 79' lang='lat' dir='ltr'>jam</span> <span class='ocrx_word' id='word_1_81' title='bbox 1681 1366 1775 1421; x_wconf 84' lang='lat' dir='ltr'>lua</span> <span class='ocrx_word' id='word_1_82' title='bbox 1822 1366 2053 1425; x_wconf 77' lang='lat' dir='ltr'>luxuria</span> 
     </span>
     <span class='ocr_line' id='line_1_14' title="bbox 475 1443 2049 1523; baseline -0.001 -20"><span class='ocrx_word' id='word_1_83' title='bbox 475 1443 846 1514; x_wconf 74' lang='lat' dir='ltr'>debellatum,</span> <span class='ocrx_word' id='word_1_84' title='bbox 880 1449 1136 1523; x_wconf 86' lang='lat' dir='ltr'>Populus</span> <span class='ocrx_word' id='word_1_85' title='bbox 1158 1451 1478 1512; x_wconf 77' lang='lat' dir='ltr'>RomanuS‚</span> <span class='ocrx_word' id='word_1_86' title='bbox 1502 1448 1698 1504; x_wconf 89' lang='lat' dir='ltr'>Acilio</span> <span class='ocrx_word' id='word_1_87' title='bbox 1724 1446 2049 1503; x_wconf 71' lang='lat' dir='ltr'><strong>Glabrione</strong></span> 
     </span>
     <span class='ocr_line' id='line_1_15' title="bbox 474 1522 2048 1604; baseline -0.001 -21"><span class='ocrx_word' id='word_1_88' title='bbox 474 1522 748 1595; x_wconf 77' lang='lat' dir='ltr'>Consule,</span> <span class='ocrx_word' id='word_1_89' title='bbox 781 1529 845 1585; x_wconf 90' lang='lat' dir='ltr'>in</span> <span class='ocrx_word' id='word_1_90' title='bbox 883 1526 1074 1585; x_wconf 81' lang='lat' dir='ltr'>Insula</span> <span class='ocrx_word' id='word_1_91' title='bbox 1109 1526 1413 1604; x_wconf 67' lang='lat' dir='ltr'>aggressus,</span> <span class='ocrx_word' id='word_1_92' title='bbox 1470 1527 1594 1603; x_wconf 88' lang='lat' dir='ltr'>ipso</span> <span class='ocrx_word' id='word_1_93' title='bbox 1624 1526 1819 1582; x_wconf 69' lang='lat' dir='ltr'>statim</span> <span class='ocrx_word' id='word_1_94' title='bbox 1834 1524 2048 1583; x_wconf 85' lang='lat' dir='ltr'>adven-</span> 
     </span>
     <span class='ocr_line' id='line_1_16' title="bbox 475 1604 2051 1684; baseline 0 -23"><span class='ocrx_word' id='word_1_95' title='bbox 475 1618 563 1661; x_wconf 76' lang='lat' dir='ltr'>tus</span> <span class='ocrx_word' id='word_1_96' title='bbox 615 1606 697 1663; x_wconf 87' lang='lat' dir='ltr'>sui</span> <span class='ocrx_word' id='word_1_97' title='bbox 743 1608 947 1664; x_wconf 89' lang='lat' dir='ltr'><strong>nuntio</strong></span> <span class='ocrx_word' id='word_1_98' title='bbox 996 1609 1181 1684; x_wconf 77' lang='lat' dir='ltr'><strong>coegit</strong></span> <span class='ocrx_word' id='word_1_99' title='bbox 1229 1609 1298 1664; x_wconf 87' lang='lat' dir='ltr'>ab</span> <span class='ocrx_word' id='word_1_100' title='bbox 1350 1607 1540 1665; x_wconf 85' lang='lat' dir='ltr'>Insula</span> <span class='ocrx_word' id='word_1_101' title='bbox 1590 1606 1805 1684; x_wconf 76' lang='lat' dir='ltr'>fugere.</span> <span class='ocrx_word' id='word_1_102' title='bbox 1892 1604 2051 1662; x_wconf 87' lang='lat' dir='ltr'>Tum</span> 
     </span>
     <span class='ocr_line' id='line_1_17' title="bbox 474 1685 2051 1764; baseline -0.005 -17"><span class='ocrx_word' id='word_1_103' title='bbox 474 1685 826 1760; x_wconf 68' lang='lat' dir='ltr'>praecipitem</span> <span class='ocrx_word' id='word_1_104' title='bbox 853 1687 1008 1761; x_wconf 83' lang='lat' dir='ltr'>apud</span> <span class='ocrx_word' id='word_1_105' title='bbox 1034 1685 1459 1764; x_wconf 80' lang='lat' dir='ltr'>Thermopylas</span> <span class='ocrx_word' id='word_1_106' title='bbox 1487 1685 1823 1760; x_wconf 80' lang='lat' dir='ltr'>assequutus,</span> <span class='ocrx_word' id='word_1_107' title='bbox 1858 1685 2051 1740; x_wconf 89' lang='lat' dir='ltr'>locum</span> 
     </span>
     <span class='ocr_line' id='line_1_18' title="bbox 477 1765 2053 1840; baseline -0.003 -19"><span class='ocrx_word' id='word_1_108' title='bbox 477 1776 860 1825; x_wconf 64' lang='lat' dir='ltr'>trecentotum</span> <span class='ocrx_word' id='word_1_109' title='bbox 913 1766 1211 1823; x_wconf 77' lang='lat' dir='ltr'>Laconum</span> <span class='ocrx_word' id='word_1_110' title='bbox 1245 1766 1488 1840; x_wconf 81' lang='lat' dir='ltr'>speciosa</span> <span class='ocrx_word' id='word_1_111' title='bbox 1540 1765 1685 1825; x_wconf 85' lang='lat' dir='ltr'>caede</span> <span class='ocrx_word' id='word_1_112' title='bbox 1728 1782 2053 1824; x_wconf 81' lang='lat' dir='ltr'>memoran-</span> 
     </span>
     <span class='ocr_line' id='line_1_19' title="bbox 459 1840 2050 1921; baseline -0.001 -22"><span class='ocrx_word' id='word_1_113' title='bbox 459 1840 644 1907; x_wconf 57' lang='lat' dir='ltr'>dum,</span> <span class='ocrx_word' id='word_1_114' title='bbox 678 1863 764 1901; x_wconf 81' lang='lat' dir='ltr'>ne</span> <span class='ocrx_word' id='word_1_115' title='bbox 789 1843 872 1901; x_wconf 83' lang='lat' dir='ltr'>ibi</span> <span class='ocrx_word' id='word_1_116' title='bbox 897 1844 1129 1921; x_wconf 81' lang='lat' dir='ltr'>quidem</span> <span class='ocrx_word' id='word_1_117' title='bbox 1158 1845 1365 1905; x_wconf 74' lang='lat' dir='ltr'>fiducia</span> <span class='ocrx_word' id='word_1_118' title='bbox 1393 1846 1501 1905; x_wconf 84' lang='lat' dir='ltr'>loci</span> <span class='ocrx_word' id='word_1_119' title='bbox 1541 1844 1896 1908; x_wconf 81' lang='lat' dir='ltr'>refistentem‚</span> <span class='ocrx_word' id='word_1_120' title='bbox 1927 1864 2050 1899; x_wconf 73' lang='lat' dir='ltr'>ma·</span> 
     </span>
     <span class='ocr_line' id='line_1_20' title="bbox 480 1921 2049 1999; baseline 0.003 -23"><span class='ocrx_word' id='word_1_121' title='bbox 480 1921 621 1981; x_wconf 76' lang='lat' dir='ltr'>riae</span> <span class='ocrx_word' id='word_1_122' title='bbox 671 1938 815 1979; x_wconf 82' lang='lat' dir='ltr'>terra</span> <span class='ocrx_word' id='word_1_123' title='bbox 862 1923 1055 1983; x_wconf 77' lang='lat' dir='ltr'>cedere</span> <span class='ocrx_word' id='word_1_124' title='bbox 1103 1924 1349 1999; x_wconf 63' lang='lat' dir='ltr'>coggit.</span> <span class='ocrx_word' id='word_1_125' title='bbox 1394 1925 1598 1987; x_wconf 82' lang='lat' dir='ltr'><strong>Statim</strong></span> <span class='ocrx_word' id='word_1_126' title='bbox 1641 1939 1695 1978; x_wconf 89' lang='lat' dir='ltr'>et</span> <span class='ocrx_word' id='word_1_127' title='bbox 1737 1943 1764 1977; x_wconf 94' lang='lat' dir='ltr'>e</span> <span class='ocrx_word' id='word_1_128' title='bbox 1818 1922 2049 1999; x_wconf 83' lang='lat' dir='ltr'>vestigio</span> 
     </span>
     <span class='ocr_line' id='line_1_21' title="bbox 483 1999 2046 2080; baseline -0.002 -20"><span class='ocrx_word' id='word_1_129' title='bbox 483 1999 599 2060; x_wconf 79' lang='lat' dir='ltr'><strong>itur</strong></span> <span class='ocrx_word' id='word_1_130' title='bbox 624 2003 685 2064; x_wconf 81' lang='lat' dir='ltr'>iu</span> <span class='ocrx_word' id='word_1_131' title='bbox 713 2003 925 2062; x_wconf 81' lang='lat' dir='ltr'>Aliam</span> <span class='ocrx_word' id='word_1_132' title='bbox 1019 2003 1216 2062; x_wconf 79' lang='lat' dir='ltr'>Claffis</span> <span class='ocrx_word' id='word_1_133' title='bbox 1243 2004 1425 2080; x_wconf 82' lang='lat' dir='ltr'>Regia</span> <span class='ocrx_word' id='word_1_134' title='bbox 1450 2001 1819 2080; x_wconf 74' lang='lat' dir='ltr'>Polyxenida:</span> <span class='ocrx_word' id='word_1_135' title='bbox 1848 2002 2046 2058; x_wconf 86' lang='lat' dir='ltr'><strong>Anni-</strong></span> 
     </span>
     <span class='ocr_line' id='line_1_22' title="bbox 405 2081 2047 2158; baseline 0.001 -20"><span class='ocrx_word' id='word_1_136' title='bbox 405 2095 426 2118; x_wconf 83' lang='lat'>‘·</span> <span class='ocrx_word' id='word_1_137' title='bbox 477 2081 702 2157; x_wconf 79' lang='lat' dir='ltr'>balique</span> <span class='ocrx_word' id='word_1_138' title='bbox 725 2083 1044 2154; x_wconf 75' lang='lat' dir='ltr'>commiffa3</span> <span class='ocrx_word' id='word_1_139' title='bbox 1079 2103 1211 2139; x_wconf 84' lang='lat' dir='ltr'>uam</span> <span class='ocrx_word' id='word_1_140' title='bbox 1241 2085 1370 2138; x_wconf 83' lang='lat' dir='ltr'>Rex</span> <span class='ocrx_word' id='word_1_141' title='bbox 1399 2084 1659 2158; x_wconf 81' lang='lat' dir='ltr'>praelium</span> <span class='ocrx_word' id='word_1_142' title='bbox 1687 2103 1788 2140; x_wconf 87' lang='lat' dir='ltr'>nec</span> <span class='ocrx_word' id='word_1_143' title='bbox 1805 2081 2047 2155; x_wconf 53' lang='lat' dir='ltr'>spectare</span> 
     </span>
     <span class='ocr_line' id='line_1_23' title="bbox 484 2160 2040 2240; baseline -0.001 -20"><span class='ocrx_word' id='word_1_144' title='bbox 484 2176 729 2237; x_wconf 83' lang='lat' dir='ltr'>poterat.</span> <span class='ocrx_word' id='word_1_145' title='bbox 817 2164 1022 2240; x_wconf 80' lang='lat' dir='ltr'><strong>Igitur</strong></span> <span class='ocrx_word' id='word_1_146' title='bbox 1043 2164 1211 2220; x_wconf 87' lang='lat' dir='ltr'>duce</span> <span class='ocrx_word' id='word_1_147' title='bbox 1242 2163 1468 2219; x_wconf 84' lang='lat' dir='ltr'>AEmilio</span> <span class='ocrx_word' id='word_1_148' title='bbox 1497 2162 1750 2239; x_wconf 78' lang='lat' dir='ltr'>Regillo,</span> <span class='ocrx_word' id='word_1_149' title='bbox 1794 2160 2040 2220; x_wconf 84' lang='lat' dir='ltr'>adremi-</span> 
     </span>
     <span class='ocr_line' id='line_1_24' title="bbox 483 2239 2047 2320; baseline 0.001 -24"><span class='ocrx_word' id='word_1_150' title='bbox 483 2243 747 2317; x_wconf 75' lang='lat' dir='ltr'><strong>gantibus</strong></span> <span class='ocrx_word' id='word_1_151' title='bbox 790 2243 1063 2307; x_wconf 81' lang='lat' dir='ltr'>Rhodiis,</span> <span class='ocrx_word' id='word_1_152' title='bbox 1108 2256 1226 2298; x_wconf 84' lang='lat' dir='ltr'>tota</span> <span class='ocrx_word' id='word_1_153' title='bbox 1266 2242 1561 2300; x_wconf 80' lang='lat' dir='ltr'>laceratur.</span> <span class='ocrx_word' id='word_1_154' title='bbox 1649 2239 1738 2298; x_wconf 89' lang='lat' dir='ltr'>Ne</span> <span class='ocrx_word' id='word_1_155' title='bbox 1761 2240 1869 2308; x_wconf 78' lang='lat' dir='ltr'>fibi</span> <span class='ocrx_word' id='word_1_156' title='bbox 1918 2242 2047 2320; x_wconf 78' lang='lat' dir='ltr'>pla-</span> 
     </span>
     <span class='ocr_line' id='line_1_25' title="bbox 476 2315 2038 2382; baseline -0.002 -2"><span class='ocrx_word' id='word_1_157' title='bbox 476 2337 639 2380; x_wconf 79' lang='lat' dir='ltr'>ceant</span> <span class='ocrx_word' id='word_1_158' title='bbox 685 2321 963 2382; x_wconf 79' lang='lat' dir='ltr'>Athenae!</span> <span class='ocrx_word' id='word_1_159' title='bbox 1019 2325 1090 2380; x_wconf 88' lang='lat' dir='ltr'>In</span> <span class='ocrx_word' id='word_1_160' title='bbox 1117 2322 1416 2379; x_wconf 81' lang='lat' dir='ltr'>Antiochb</span> <span class='ocrx_word' id='word_1_161' title='bbox 1459 2321 1694 2378; x_wconf 79' lang='lat' dir='ltr'>vicimus</span> <span class='ocrx_word' id='word_1_162' title='bbox 1745 2315 2038 2377; x_wconf 83' lang='lat' dir='ltr'>Xerxem·</span> 
     </span>
     <span class='ocr_line' id='line_1_26' title="bbox 474 2397 2049 2477; baseline 0.001 -21"><span class='ocrx_word' id='word_1_163' title='bbox 474 2399 539 2456; x_wconf 81' lang='lat' dir='ltr'>in</span> <span class='ocrx_word' id='word_1_164' title='bbox 600 2402 830 2458; x_wconf 78' lang='lat' dir='ltr'>AEmilio</span> <span class='ocrx_word' id='word_1_165' title='bbox 884 2399 1324 2460; x_wconf 69' lang='lat' dir='ltr'>Themistoclem</span> <span class='ocrx_word' id='word_1_166' title='bbox 1374 2400 1751 2477; x_wconf 74' lang='lat' dir='ltr'>aequavimus·</span> <span class='ocrx_word' id='word_1_167' title='bbox 1822 2397 2049 2476; x_wconf 87' lang='lat' dir='ltr'>Epheso</span> 
     </span>
     <span class='ocr_line' id='line_1_27' title="bbox 477 2477 2042 2554; baseline 0 -18"><span class='ocrx_word' id='word_1_168' title='bbox 477 2477 762 2536; x_wconf 80' lang='lat' dir='ltr'>Salamina</span> <span class='ocrx_word' id='word_1_169' title='bbox 803 2480 1183 2553; x_wconf 82' lang='lat' dir='ltr'>pensavimus.</span> <span class='ocrx_word' id='word_1_170' title='bbox 1267 2480 1425 2540; x_wconf 89' lang='lat' dir='ltr'>Tum</span> <span class='ocrx_word' id='word_1_171' title='bbox 1457 2478 1706 2537; x_wconf 87' lang='lat' dir='ltr'>Consule</span> <span class='ocrx_word' id='word_1_172' title='bbox 1746 2478 2042 2554; x_wconf 87' lang='lat' dir='ltr'>Scipione</span> 
     </span>
     <span class='ocr_line' id='line_1_28' title="bbox 473 2557 2046 2636; baseline -0.001 -18"><span class='ocrx_word' id='word_1_173' title='bbox 473 2558 565 2618; x_wconf 82' lang='lat' dir='ltr'>cui</span> <span class='ocrx_word' id='word_1_174' title='bbox 596 2557 786 2628; x_wconf 77' lang='lat' dir='ltr'>frater,</span> <span class='ocrx_word' id='word_1_175' title='bbox 821 2560 919 2616; x_wconf 81' lang='lat' dir='ltr'>iue</span> <span class='ocrx_word' id='word_1_176' title='bbox 943 2559 1120 2618; x_wconf 81' lang='lat' dir='ltr'>modo</span> <span class='ocrx_word' id='word_1_177' title='bbox 1152 2559 1330 2618; x_wconf 56' lang='lat' dir='ltr'>vietor</span> <span class='ocrx_word' id='word_1_178' title='bbox 1369 2558 1756 2636; x_wconf 68' lang='lat' dir='ltr'><strong>Carthaginis»,</strong></span> <span class='ocrx_word' id='word_1_179' title='bbox 1817 2557 2046 2624; x_wconf 82' lang='lat' dir='ltr'>Africa-</span> 
     </span>
     <span class='ocr_line' id='line_1_29' title="bbox 477 2631 2083 2729; baseline 0.002 -35"><span class='ocrx_word' id='word_1_180' title='bbox 477 2656 610 2705; x_wconf 81' lang='lat' dir='ltr'><strong>nus,</strong></span> <span class='ocrx_word' id='word_1_181' title='bbox 639 2640 956 2700; x_wconf 78' lang='lat' dir='ltr'>voluntaria</span> <span class='ocrx_word' id='word_1_182' title='bbox 983 2640 1265 2718; x_wconf 77' lang='lat' dir='ltr'>legatione</span> <span class='ocrx_word' id='word_1_183' title='bbox 1291 2638 1503 2706; x_wconf 77' lang='lat' dir='ltr'>aderat,</span> <span class='ocrx_word' id='word_1_184' title='bbox 1532 2637 1803 2696; x_wconf 77' lang='lat' dir='ltr'>debellati</span> <span class='ocrx_word' id='word_1_185' title='bbox 1828 2637 2049 2729; x_wconf 83' lang='lat' dir='ltr'>Regem</span> <span class='ocrx_word' id='word_1_186' title='bbox 2078 2631 2083 2636; x_wconf 48' lang='lat'>¹</span> 
     </span>
     <span class='ocr_line' id='line_1_30' title="bbox 470 2717 2050 2796; baseline 0.001 -18"><span class='ocrx_word' id='word_1_187' title='bbox 470 2717 681 2794; x_wconf 81' lang='lat' dir='ltr'>placet.</span> <span class='ocrx_word' id='word_1_188' title='bbox 756 2722 870 2778; x_wconf 86' lang='lat' dir='ltr'>Et</span> <span class='ocrx_word' id='word_1_189' title='bbox 845 2740 965 2796; x_wconf 77' lang='lat' dir='ltr'>jam</span> <span class='ocrx_word' id='word_1_190' title='bbox 996 2735 1115 2778; x_wconf 89' lang='lat' dir='ltr'>toto</span> <span class='ocrx_word' id='word_1_191' title='bbox 1167 2717 1388 2776; x_wconf 83' lang='lat' dir='ltr'>ceffetat</span> <span class='ocrx_word' id='word_1_192' title='bbox 1416 2720 1589 2776; x_wconf 74' lang='lat' dir='ltr'>mariz</span> <span class='ocrx_word' id='word_1_193' title='bbox 1636 2717 1746 2775; x_wconf 85' lang='lat' dir='ltr'>Sed</span> <span class='ocrx_word' id='word_1_194' title='bbox 1770 2737 1875 2776; x_wconf 88' lang='lat' dir='ltr'>nos</span> <span class='ocrx_word' id='word_1_195' title='bbox 1901 2718 2050 2780; x_wconf 80' lang='lat' dir='ltr'>imus</span> 
     </span>
     <span class='ocr_line' id='line_1_31' title="bbox 401 2797 2051 2872; baseline 0 -16"><span class='ocrx_word' id='word_1_196' title='bbox 401 2839 412 2844; x_wconf 90' lang='lat'>-</span> <span class='ocrx_word' id='word_1_197' title='bbox 477 2797 738 2856; x_wconf 80' lang='lat' dir='ltr'>ulterius.</span> <span class='ocrx_word' id='word_1_198' title='bbox 826 2800 1188 2860; x_wconf 76' lang='lat' dir='ltr'>Maeandrum</span> <span class='ocrx_word' id='word_1_199' title='bbox 1250 2800 1321 2854; x_wconf 90' lang='lat' dir='ltr'>ad</span> <span class='ocrx_word' id='word_1_200' title='bbox 1377 2819 1626 2868; x_wconf 72' lang='lat' dir='ltr'>amnem,</span> <span class='ocrx_word' id='word_1_201' title='bbox 1660 2813 2051 2872; x_wconf 85' lang='lat' dir='ltr'>montemque</span> 
     </span>
     <span class='ocr_line' id='line_1_32' title="bbox 474 2875 2050 2954; baseline -0.002 -18"><span class='ocrx_word' id='word_1_202' title='bbox 474 2875 767 2952; x_wconf 79' lang='lat' dir='ltr'>Sipylum,</span> <span class='ocrx_word' id='word_1_203' title='bbox 793 2877 963 2940; x_wconf 82' lang='lat' dir='ltr'>castra</span> <span class='ocrx_word' id='word_1_204' title='bbox 990 2895 1314 2954; x_wconf 84' lang='lat' dir='ltr'>ponuntur.</span> <span class='ocrx_word' id='word_1_205' title='bbox 1361 2881 1476 2940; x_wconf 85' lang='lat' dir='ltr'>Hic</span> <span class='ocrx_word' id='word_1_206' title='bbox 1502 2880 1653 2944; x_wconf 78' lang='lat' dir='ltr'>Rex,</span> <span class='ocrx_word' id='word_1_207' title='bbox 1694 2875 2050 2946; x_wconf 82' lang='lat' dir='ltr'>(incredibile</span> 
     </span>
     <span class='ocr_line' id='line_1_33' title="bbox 474 2953 2047 3033; baseline 0.001 -22"><span class='ocrx_word' id='word_1_208' title='bbox 474 2953 651 3020; x_wconf 62' lang='lat' dir='ltr'><strong>dista.</strong></span> <span class='ocrx_word' id='word_1_209' title='bbox 690 2956 896 3030; x_wconf 82' lang='lat' dir='ltr'>quibus</span> <span class='ocrx_word' id='word_1_210' title='bbox 927 2958 1177 3022; x_wconf 72' lang='lat' dir='ltr'><strong>auxiliis,</strong></span> <span class='ocrx_word' id='word_1_211' title='bbox 1225 2960 1430 3033; x_wconf 88' lang='lat' dir='ltr'>quibus</span> <span class='ocrx_word' id='word_1_212' title='bbox 1482 2959 1697 3032; x_wconf 84' lang='lat' dir='ltr'>copiis.</span> <span class='ocrx_word' id='word_1_213' title='bbox 1684 2958 1731 3032; x_wconf 63' lang='lat'>³²)</span> <span class='ocrx_word' id='word_1_214' title='bbox 1779 2956 2047 3014; x_wconf 77' lang='lat' dir='ltr'>consede·</span> 
     </span>
     <span class='ocr_line' id='line_1_34' title="bbox 477 3034 2097 3116; baseline 0.002 -26"><span class='ocrx_word' id='word_1_215' title='bbox 477 3048 586 3092; x_wconf 79' lang='lat' dir='ltr'>rat.</span> <span class='ocrx_word' id='word_1_216' title='bbox 673 3034 953 3104; x_wconf 74' lang='lat' dir='ltr'>Trecenta</span> <span class='ocrx_word' id='word_1_217' title='bbox 982 3037 1160 3094; x_wconf 85' lang='lat' dir='ltr'>millia</span> <span class='ocrx_word' id='word_1_218' title='bbox 1186 3038 1479 3113; x_wconf 86' lang='lat' dir='ltr'>pediturn.</span> <span class='ocrx_word' id='word_1_219' title='bbox 1530 3038 1827 3116; x_wconf 86' lang='lat' dir='ltr'>Equitum</span> <span class='ocrx_word' id='word_1_220' title='bbox 1877 3035 2048 3094; x_wconf 83' lang='lat' dir='ltr'>falca-</span> <span class='ocrx_word' id='word_1_221' title='bbox 2083 3083 2097 3094; x_wconf 65' lang='grc'>,</span> 
     </span>
     <span class='ocr_line' id='line_1_35' title="bbox 474 3117 2049 3188; baseline 0.001 -19"><span class='ocrx_word' id='word_1_222' title='bbox 474 3129 769 3188; x_wconf 80' lang='lat' dir='ltr'>torumque</span> <span class='ocrx_word' id='word_1_223' title='bbox 817 3136 1105 3183; x_wconf 82' lang='lat' dir='ltr'>curruum,</span> <span class='ocrx_word' id='word_1_224' title='bbox 1136 3136 1258 3174; x_wconf 88' lang='lat' dir='ltr'>non</span> <span class='ocrx_word' id='word_1_225' title='bbox 1290 3118 1484 3174; x_wconf 80' lang='lat' dir='ltr'>minor</span> <span class='ocrx_word' id='word_1_226' title='bbox 1536 3134 1827 3174; x_wconf 76' lang='lat' dir='ltr'>numerus·</span> <span class='ocrx_word' id='word_1_227' title='bbox 1873 3117 2049 3174; x_wconf 78' lang='lat' dir='ltr'>--Ele-</span> 
     </span>
     <span class='ocr_line' id='line_1_36' title="bbox 471 3193 2046 3275; baseline 0.003 -25"><span class='ocrx_word' id='word_1_228' title='bbox 471 3193 699 3269; x_wconf 80' lang='lat' dir='ltr'>phantis</span> <span class='ocrx_word' id='word_1_229' title='bbox 717 3193 790 3251; x_wconf 86' lang='lat' dir='ltr'>ad</span> <span class='ocrx_word' id='word_1_230' title='bbox 819 3193 928 3256; x_wconf 86' lang='lat' dir='ltr'>hoc</span> <span class='ocrx_word' id='word_1_231' title='bbox 951 3194 1230 3254; x_wconf 74' lang='lat' dir='ltr'>immensa:</span> <span class='ocrx_word' id='word_1_232' title='bbox 1258 3196 1694 3275; x_wconf 79' lang='lat' dir='ltr'>magnitudinis,</span> <span class='ocrx_word' id='word_1_233' title='bbox 1716 3216 1877 3261; x_wconf 84' lang='lat' dir='ltr'>auro,</span> <span class='ocrx_word' id='word_1_234' title='bbox 1905 3217 2046 3273; x_wconf 78' lang='lat' dir='ltr'>pur-</span> 
     </span>
     <span class='ocr_line' id='line_1_37' title="bbox 470 3275 2047 3358; baseline 0.003 -28"><span class='ocrx_word' id='word_1_235' title='bbox 470 3293 636 3350; x_wconf 83' lang='lat' dir='ltr'>pura,</span> <span class='ocrx_word' id='word_1_236' title='bbox 699 3289 957 3351; x_wconf 75' lang='lat' dir='ltr'>argento,</span> <span class='ocrx_word' id='word_1_237' title='bbox 988 3292 1043 3336; x_wconf 83' lang='lat' dir='ltr'>et</span> <span class='ocrx_word' id='word_1_238' title='bbox 1088 3276 1186 3334; x_wconf 78' lang='lat' dir='ltr'>suo</span> <span class='ocrx_word' id='word_1_239' title='bbox 1226 3278 1393 3334; x_wconf 82' lang='lat' dir='ltr'>ebore</span> <span class='ocrx_word' id='word_1_240' title='bbox 1447 3275 1824 3358; x_wconf 70' lang='lat' dir='ltr'>fulgentibus,</span> <span class='ocrx_word' id='word_1_241' title='bbox 1871 3277 2047 3334; x_wconf 73' lang='lat' dir='ltr'>aciem</span> 
     </span>
     <span class='ocr_line' id='line_1_38' title="bbox 1780 3353 2047 3430; baseline -0.004 -18.996"><span class='ocrx_word' id='word_1_242' title='bbox 1780 3353 2047 3430; x_wconf 87' lang='lat' dir='ltr'>utrinque</span> 
     </span>
    </p>
   </div>
   <div class='ocr_carea' id='block_1_3' title="bbox 2323 1287 2333 1879">
    <p class='ocr_par' dir='ltr' id='par_1_3' title="bbox 2323 1287 2333 1879">
     <span class='ocr_line' id='line_1_39' title="bbox 2323 1287 2333 1879; baseline 0 0"><span class='ocrx_word' id='word_1_243' title='bbox 2323 1287 2333 1879; x_wconf 95' lang='lat' dir='ltr'> </span> 
     </span>
    </p>
   </div>
  </div>
 </body>
</html>
