2387 4040
592 377 682 451 L.
746 371 1223 462 ANNAEJ,
1286 325 1675 453 hom

856 580 1382 642 EPITOME

322 770 841 856 RERUM
913 757 1908 857 ROM'AN-ARUM.

646 937 1021 1036 LraER
1080 969 1580 1035 PRIMUS.
1654 999 1681 1024 .‹

651 1058 1547 1202 ’ἑκόοΕΜίυΜ

251 1409 262 1418 ῃ
336 1312 446 1450 P
463 1316 521 1374 Ο
538 1316 584 1372 Ρ
597 1314 657 1375 U
674 1316 722 1372 L
735 1315 792 1373 U
807 1315 843 1374 S
870 1317 1164 1373 Romanus
1185 1338 1216 1373 a
1235 1319 1392 1397 Rege
1413 1316 1666 1374 Romulo
1691 1318 1752 1374 in
1781 1319 1906 1377 Cae-

489 1395 665 1452 sarem
681 1396 1026 1473 Augustum,
1045 1395 1430 1474 septingentos
1446 1418 1549 1473 per
1561 1406 1761 1463 ann’os,
1784 1413 1907 1454 tan-

338 1493 460 1533 tum
489 1495 730 1551 operum
760 1496 895 1551 pace
920 1475 1183 1551 belloque
1240 1477 1415 1554 geffit,
1450 1491 1515 1534 ut
1538 1476 1575 1531 fi
1600 1477 1724 1551 quis
1754 1496 1911 1555 mag-

336 1555 664 1613 nitudinem
684 1555 911 1632 imperii
933 1576 1062 1612 cum
1089 1558 1250 1613 annis
1279 1555 1552 1623 conferat,
1581 1570 1795 1613 aetatem
1823 1557 1915 1613 ul-

340 1653 422 1692 tra
448 1651 644 1712 putet:
679 1638 768 1692 Ita
795 1637 904 1691 late
949 1655 1051 1711 per
1073 1638 1271 1693 orbem
1320 1651 1593 1693 terrarum
1621 1655 1771 1693 arma
1799 1637 1910 1693 cir-

334 1716 628 1783 cumtulit,
661 1731 725 1771 ut
752 1714 852 1790 qui
879 1735 964 1771 res
990 1717 1108 1793 ejus
1131 1717 1350 1795 legunt,
1382 1735 1502 1771 non
1525 1716 1693 1772 unius
1716 1716 1913 1793 Popu-

338 1797 407 1862 li,
454 1794 547 1851 sed
579 1796 796 1871 generis
843 1794 1081 1851 humani
1109 1794 1223 1851 fata
1254 1795 1499 1852 discant:
1551 1796 1671 1852 Tot
1699 1797 1911 1853 labori-

339 1876 443 1932 bus
472 1874 843 1950 periculisque
861 1875 1097 1950 jmstatus
1125 1874 1222 1940 est,
1254 1890 1319 1931 ut
1348 1874 1419 1930 ad
1456 1874 1914 1933 constituendum

336 1956 456 2032 ejus
483 1954 794 2031 imperium
834 1952 1178 2010 contendisse
1206 1955 1408 2012 Virtus
1446 1969 1501 2010 et
1541 1956 1793 2010 Fortuna
1823 1956 1910 2011 vi-

334 2035 604 2091 deantur.
694 2037 889 2111 Qiare
916 2035 1172 2109 quamvis
1201 2035 1482 2110 praecipua
1509 2053 1741 2110 quaeque
1770 2054 1910 2109 ope·

336 2136 409 2172 1*ae
430 2114 677 2192 pretium
703 2114 766 2168 [it
786 2113 1143 2191 cognoscere,
1175 2130 1364 2170 tamen
1386 2116 1520 2189 quia
1541 2114 1661 2189 ipsa
1682 2114 1780 2170 fibi
1806 2115 1910 2170 ob-

336 2194 437 2252 stat
464 2192 824 2271 magnitudO,
859 2213 1159 2269 rerumque
1187 2193 1466 2250 diverfitas
1492 2195 1666 2250 aciem
1717 2195 1906 2250 inten-

337 2273 513 2331 tionis
538 2273 848 2349 abrumpit,
881 2272 1083 2331 faciam
1106 2273 1265 2349 qu‘od
1286 2274 1493 2338 solent,
1516 2272 1614 2347 qui
1630 2284 1901 2330 terrarum

335 2354 465 2410 {itus
487 2354 756 2430 pingunt,
781 2353 844 2408 in
865 2354 1022 2411 brevi
1040 2353 1187 2428 quafi
1212 2353 1415 2411 tabella
1427 2366 1600 2408 totam
1617 2356 1734 2432 ejus
1758 2353 1902 2411 ima-

338 2433 532 2509 ginem
562 2430 885 2511 ampleEIar,
918 2433 1213 2502 nonnihil,
1249 2448 1312 2490 ut
1338 2433 1528 2510 spero,
1558 2433 1630 2490 ad
1656 2433 1908 2491 admira-

337 2514 550 2569 tionem
602 2512 885 2589 Principis
939 2513 1151 2588 Populi
1204 2514 1525 2579 collaturuS,
1579 2513 1615 2569 fi
1668 2516 1905 2590 pariter,

333 2608 502 2668 atque
550 2591 613 2647 in
667 2592 836 2647 seruet
891 2593 1207 2649 universam
1269 2592 1729 2670 magnitudinem
1784 2595 1904 2669 ejus

336 2654 653 2728 ostendero.
687 2671 745 2726 Si
772 2673 898 2747 quis
927 2692 1061 2750 ergo
1084 2673 1377 2749 Populum
1406 2675 1735 2729 Romanum
1763 2687 1902 2747 qua-

338 2751 376 2807 fi
401 2750 696 2808 hominem
726 2752 1052 2820 confideret,
1081 2767 1369 2827 totamque
1396 2754 1514 2830 ejus
1539 2767 1751 2809 aetatem
1776 2772 1906 2827 per-

338 2832 578 2897 censeat,
619 2847 684 2887 ut
719 2832 972 2907 coeperit,
1037 2847 1212 2906 utque
1261 2832 1589 2897 adoleverit,
1644 2847 1708 2887 ut
1751 2830 1904 2907 quali

331 2910 407 2967 ad
435 2909 719 2985 quendam
740 2913 984 2988 juventa:
1015 2912 1213 2969 florem
1236 2913 1574 2988 pervenerit,
1628 2925 1692 2969 ut
1718 2912 1905 2989 postea

338 2990 993 3066 consenuerit‚‘quatuor
1020 2991 1224 3069 gradus
1254 2991 1638 3068 processusque
1666 2994 1781 3070 ejus
1808 2995 1902 3049 iu-

332 3069 542 3129 veniet.
627 3069 818 3127 Prima
845 3085 970 3128 aetas
998 3072 1097 3129 sub
1125 3072 1381 3150 Regibus
1408 3071 1540 3139 fuit,
1584 3092 1766 3149 prope
1791 3072 1900 3151 du·

336 3164 528 3207 centos
550 3151 965 3227 quinquaginta
988 3172 1092 3227 per
1111 3170 1314 3219 annm,
1340 3153 1545 3226 quibus
1574 3155 1787 3224 circum
1807 3152 1902 3227 ip-

332 3230 445 3286 sam
473 3236 709 3287 matrem
735 3230 889 3287 suam
916 3251 1042 3288 cum
1071 3231 1329 3288 finitimis
1354 3231 1587 3288 lustatus
1615 3232 1710 3288 est.
1768 3232 1904 3288 Haec

332 3309 437 3368 erit
467 3310 584 3388 ejus
610 3307 870 3369 infantia.
959 3312 1206 3387 Sequens
1234 3298 1277 3367 εἴ
1295 3313 1471 3370 Bruto
1500 3311 1907 3386 Collatinoque

1037 3410 1042 3413 ’
1084 3392 1145 3447 Ν
1557 3390 1903 3460 consulibua
