2387 4040
518 377 1006 450 BELLUM
1049 375 1666 479 JUGURTH.
1784 402 1918 470 1²9

354 530 487 566 cum
516 507 872 567 humillumis
902 529 1096 587 agere.
1145 512 1206 565 in
1237 509 1529 585 operibus,
1570 509 1635 565 in
1659 509 1907 599 agmine,

357 603 524 663 atque
560 590 632 645 ad
681 589 899 664 vigilias
951 591 1160 645 multus
1187 589 1400 646 adesse:
1449 607 1628 663 neque
1654 587 1911 653 interim,

354 669 510 742 quod
526 687 692 744 prava
705 665 938 724 ambitio
966 669 1122 736 solet,
1152 668 1442 734 ConsuliS,
1458 682 1557 724 aut
1583 667 1911 744 cujusquam

358 749 496 803 boni
517 747 722 804 famam
754 747 983 804 laedere·
1021 748 1414 805 tantummodo
1442 766 1624 823 neque
1652 746 1911 812 conflue,

355 845 538 900 neque
564 847 734 883 manu
757 828 1009 901 priorem
1034 829 1210 885 alium
1240 828 1391 904 pati3
1439 825 1731 901 plerosque
1757 840 1917 881 ante-

354 907 567 961 venire.
657 907 886 982 Quibus
933 910 1120 974 rebus,
1169 924 1228 963 et
1273 907 1483 963 artibus
1512 907 1670 962 brevi
1698 901 1909 970 Mario,

354 985 736 1060 militibusque
761 985 1081 1043 cariffumus
1110 987 1309 1043 fac'tus.

442 1143 584 1200 C11.
615 1142 700 1200 At
709 1144 1017 1221 Jugurtha,
1035 1146 1326 1222 postquam
1344 1145 1628 1222 oppidum
1646 1144 1917 1223 Capsam,

355 1222 600 1297 aliosque
626 1225 780 1280 locos
807 1227 1080 1291 munitos»,
1112 1241 1165 1280 ct
1188 1227 1288 1282 fibi
1315 1227 1488 1292 utilis,
1509 1227 1670 1282 fimul
1689 1242 1743 1283 et
1756 1244 1917 1300 mag·-

355 1321 489 1357 nam
531 1303 831 1376 pecuniam
877 1305 1163 1370 amiserat,
1214 1305 1285 1359 ad
1334 1305 1626 1362 Bocchum
1677 1304 1923 1364 nuncios

355 1380 555 1448 mittit,
587 1402 757 1456 quam
785 1383 1037 1457 primum
1065 1384 1126 1441 in
1153 1383 1489 1441 Numidiam
1516 1383 1705 1458 copias
1732 1382 1916 1439 addu-

357 1475 504 1516 ceret
522 1480 539 1515 ε
586 1461 765 1536 praelii
791 1460 1044 1520 faciundi
1074 1478 1295 1537 tempus
1320 1461 1519 1518 adeffe.
1591 1464 1786 1537 Quem
1811 1461 1916 1517 ubi

358 1539 604 1599 cunstasi
631 1541 865 1616 accepit,
896 1540 1137 1599 dubium
1163 1542 1328 1607 belli,
1381 1556 1546 1615 atque
1593 1540 1747 1615 pacis
1778 1540 1915 1595 rati-

358 1637 492 1675 ones
522 1618 773 1676 trahcre:
820 1619 1028 1687 rursus,
1082 1623 1171 1678 uti
1221 1635 1406 1685 antea,
1453 1638 1766 1695 proxumos
1795 1621 1919 1695 ejus

360 1696 527 1754 donis
552 1701 895 1775 corrumpit:
946 1701 1160 1776 ipsique
1209 1702 1415 1756 Mauro
1455 1700 1759 1775 pollicetur
1783 1700 1910 1755 Nu-

357 1778 545 1834 midiae
568 1795 784 1853 partem
813 1780 1050 1844 tertiam,
1108 1780 1143 1834 fi
1175 1795 1271 1835 aut
1312 1780 1559 1838 Romani
1588 1777 1790 1842 Africa
1817 1799 1918 1835 ex·

359 1857 524 1932 pulfi,
556 1873 673 1924 aut,
706 1859 938 1935 integris
969 1858 1077 1915 suis
1104 1860 1334 1924 finibus,
1381 1859 1591 1914 bellum
1635 1859 1913 1933 compofi·

363 1952 482 1993 tum
512 1936 680 1993 foret.
770 1941 856 1995 Eo
902 1938 1136 2013 praemio
1185 1938 1419 1994 inlectus
1448 1937 1731 2005 Becchus,
1781 1956 1916 1994 cum

366 2037 568 2092 magna
589 2018 958 2089 ‚multitudine
976 2017 1321 2095 jugurtham
1347 2015 1597 2074 adcedit.
1651 2020 1762 2081 Ita,
1793 2036 1917 2072 am·

364 2097 569 2153 borum
581 2098 830 2153 exercitu
847 2099 1167 2174 conjuncto,
1185 2099 1435 2153 Marium
1447 2097 1569 2173 jam
1588 2097 1651 2152 in
1678 2095 1923 2153 hiberna

368 2176 833 2250 proficiscentem,
885 2178 985 2234 vix
1036 2177 1254 2251 decima
1281 2192 1437 2251 parte
1465 2176 1558 2232 dic
1583 2177 1798 2250 reliqua
1827 2176 1922 2231 in-

367 2255 606 2321 vadunt,
642 2258 745 2312 rati
795 2256 1040 2322 nocstem,
1098 2277 1221 2331 quae
1243 2256 1361 2331 jam
1393 2254 1604 2321 aderat,
1634 2255 1792 2313 viciis
1817 2254 1921 2311 fibi

365 2335 724 2392 munimento
755 2336 909 2402 forez3
958 2352 1012 2392 ct
1042 2336 1080 2392 fi
1131 2333 1403 2400 vicissent,
1456 2334 1620 2391 nullo
1671 2334 1921 2410 impedi·—
1957 2394 1966 2404 ,

365 2429 586 2481 mente,
617 2416 750 2490 quia
775 2417 1034 2473 locorum
1075 2416 1303 2472 scientes
1330 2430 1520 2472 crant:
1569 2429 1765 2471 contra
1791 2416 1917 2472 Ro-

365 2494 877 2569 manisutrumque
908 2495 1092 2553 casum
1137 2495 1200 2551 in
1249 2496 1489 2551 tenebris
1544 2494 1923 2553 difficiliorem

366 2573 510 2629 sore.
594 2574 781 2650 Igitur
806 2575 965 2631 {imul
995 2575 1215 2631 Consul
1241 2596 1311 2633 cx
1337 2575 1529 2631 multis
1558 2574 1629 2631 de
1679 2574 1927 2630 hostium

364 2653 611 2715 adventu
639 2652 935 2731 cognovit.
986 2669 1039 2709 et
1065 2654 1164 2728 ipsi
1193 2652 1376 2711 hostes
1402 2652 1668 2708 aderant·
1716 2667 1771 2707 ct
1798 2652 1918 2725 pri-

366 2751 431 2788 us
459 2752 627 2807 quam
667 2733 940 2790 exercitus
967 2748 1062 2792 aut
1087 2733 1307 2798 instrui,
1365 2746 1460 2787 aut
1492 2730 1731 2787 sarcinas
1756 2730 1924 2786 colli-

369 2832 519 2888 gere,
576 2811 846 2886 denique,
878 2828 1174 2903 antequam
1204 2813 1447 2888 signum,
1494 2824 1589 2866 aut
1615 2810 1929 2885 imperium

365 2893 548 2948 ullum
577 2891 824 2966 accipere
867 2893 1071 2966 quivit,
1102 2894 1315 2965 equites
1353 2890 1567 2955 Mauri,
1600 2905 1762 2965 atquc
1792 2890 1931 2949 Gae-.

368 2971 497 3036 tuli,
531 2989 651 3026 non
681 2972 821 3037 acie,
851 2990 1033 3044 neque
1056 2972 1175 3026 ullo
1206 2990 1363 3027 more
1392 2970 1598 3045 praelii,
1627 2969 1719 3027 sed
1748 2986 1929 3027 cater-

365 3050 565 3114 vatim,
599 3050 683 3106 uti
711 3049 958 3124 quosque
986 3050 1099 3105 fors
1130 3050 1630 3125 conglobaverat,
1616 3070 1678 3105 ιιι
1705 3050 1925 3106 nostros

367 3129 690 3184 incurrunt.
780 3130 899 3207 Qui
925 3148 1121 3185 omncs
1150 3129 1358 3204 trepidi
1405 3129 1698 3204 inproviso
1737 3143 1918 3190 metu,

368 3227 430 3262 ac
464 3221 646 3263 tamen
689 3208 906 3265 virtutis
938 3228 1240 3274 memoreS,
1272 3223 1367 3263 aut
1397 3228 1551 3265 arma
1598 3208 1922 3282 capiebant,

335 3284 340 3289 ⁵
370 3301 466 3345 aut
511 3287 779 3364 capientis
806 3289 942 3344 alios
971 3289 1039 3344 ab
1070 3286 1325 3345 hostibus
1352 3288 1745 3345 defensabant.
1794 3303 1937 3358 pars·

1754 3380 1927 3439 equos
