2387 4040
392 342 870 413 BELLUM
925 338 1772 417 CATILIJVARIUM.
1861 365 1940 411 ιι

370 477 475 533 ubi
502 494 701 531 eorum
728 474 955 541 samm,
986 490 1150 550 atque
1163 475 1444 551 pudorem
1467 474 1784 543 adnixa-at,
1816 496 1938 535 ma·

362 557 495 631 jora
522 554 633 611 alia
659 555 1009 630 imperabat·
1064 556 1101 611 fi
1128 554 1305 613 cauffa
1327 555 1606 630 pcccandi
1623 555 1939 631 inpraesens

370 634 561 690 minus
581 630 971 709 subpetebat,
1032 634 1410 691 nihilominus
1461 634 1729 700 insontes,
1781 634 1935 693 fiouti

373 710 581 801 sontes,
614 711 1038 781 circumvenire,
1098 714 1378 791 jugulare.
1429 713 1684 780 Scilicet·
1733 735 1807 770 ne
1831 734 1936 806 per

373 792 552 850 otium
602 791 979 865 torpescerent
1026 813 1257 857 manus
1281 807 1381 849 aut
1405 793 1650 859 animus,
1692 795 1935 869 gratuito

371 871 561 944 potius
589 873 773 928 malus
804 886 966 944 atque
994 871 1236 927 crudelis
1265 886 1404 925 erat.
1463 871 1570 927 His
1599 872 1810 943 amicis,
1844 872 1934 928 so»

370 949 573 1023 ciisque
604 949 845 1005 confisus
883 950 1168 1017 Catilina,
1190 950 1374 1015 fimul,
1405 949 1562 1026 quod
1591 971 1660 1007 aes
1687 951 1934 1013 alienum

370 1046 472 1103 per
498 1029 686 1085 omnis
714 1043 881 1084 terras
911 1030 1112 1106 ingens
1159 1044 1311 1085 erat·
1359 1044 1437 1095 et,
1489 1028 1648 1103 quod
1675 1029 1936 1104 plerique

348 1106 587 1165 ,Sullani
614 1108 841 1173 milites,
895 1109 1101 1188 largius
1130 1108 1230 1163 suo
1254 1106 1355 1172 ufi,
1389 1108 1716 1183 rapinarum
1741 1123 1794 1163 et
1815 1110 1931 1167 vic·-

366 1186 521 1242 toriae
542 1186 742 1241 veteris
772 1206 1070 1251 memores,
1100 1187 1264 1244 civile
1291 1188 1508 1245 bellum
1544 1189 1924 1263 exoptabant,

370 1263 768 1339 obprimundae
796 1266 1141 1341 Reipublicae
1167 1265 1457 1322 confilium
1477 1266 1670 1341 coepit.
1713 1268 1787 1321 In
1813 1269 1930 1324 Ita·-

344 1343 443 1399 -lia
472 1344 664 1399 nullus
713 1345 1016 1410 exercitus·
1002 1387 1017 1400 .
1070 1345 1189 1401 Cn.
1244 1344 1594 1420 Pompejus
1577 1362 1644 1401 ιιι
1667 1347 1930 1405 extremis

369 1422 527 1476 terris
556 1424 767 1478 bellum
807 1426 1062 1498 gerebat:
1109 1424 1211 1499 ipfi
1269 1422 1640 1480 Consulatum
1690 1425 1936 1497 petundi

365 1518 571 1575 magna
592 1502 749 1576 spes,
794 1502 1030 1557 Senatus
1076 1502 1226 1557 nihil
1273 1502 1403 1569 fane,
1441 1501 1726 1556 intentus:
1776 1517 1928 1567 tutae,

369 1581 792 1655 tranquillaeque
842 1602 927 1637 res
956 1600 1190 1647 omnen
1239 1579 1334 1637 sed
1361 1600 1426 1639 ea
1459 1578 1692 1655 prorsus
1717 1581 1931 1685 obpon-

254 1686 271 1697 ·
370 1674 507 1716 tuna
538 1659 826 1718 Catilinae.

456 1819 670 1877 XVII.
706 1819 893 1895 Igitur
936 1818 1152 1877 circiter
1201 1821 1332 1877 Kal.
1335 1819 1557 1891 Junias
1585 1820 1657 1877 L.
1691 1818 1928 1889 Caesare,

328 1943 333 1947 .
364 1913 421 1954 et
450 1898 529 1954 G.
558 1899 761 1975 Figulo
790 1897 945 1954 Coss.
979 1901 1165 1973 primo
1188 1898 1760 1975 fingulosadpellarc·
1792 1897 1929 1955 hor-

367 1977 470 2033 tari
523 1978 685 2044 alios,
741 1977 879 2034 alios
926 1994 1169 2046 tentare3
1220 1998 1356 2054 opes
1400 1978 1542 2046 suas,
1597 1978 1931 2053 imparatam

364 2058 821 2133 Rempublicam,
875 2077 1080 2134 magna
1128 2059 1352 2134 praemia
1380 2057 1782 2134 conjurationis
1821 2056 1931 2114 do·-

361 2155 508 2193 cere.
594 2137 714 2192 Ubi
744 2137 867 2192 satis
896 2139 1187 2210 explorata
1225 2137 1374 2202 sunt,
1424 2155 1549 2209 quae
1599 2136 1802 2201 voluit,
1855 2137 1940 2198 in*

360 2234 543 2272 unum
571 2215 1071 2279 omnisconvocat,
1090 2217 1307 2289 'quibus
1336 2232 1599 2272 maxuma
1634 2213 1920 2270 neceflitu·

361 2293 465 2362 do,
498 2310 553 2352 et
580 2295 895 2371 plurimum
924 2293 1161 2352 audaciae
1209 2295 1412 2350 inerat.
1501 2293 1591 2346 Eo
1612 2311 1923 2350 convenere

360 2373 637 2439 Senatorii
665 2373 882 2430 ordinis
906 2373 1147 2430 Publius
1168 2373 1442 2432 Lentulus
1489 2370 1651 2438 Sura,
1685 2371 1923 2428 Publius

359 2453 703 2520 Autronius,
732 2452 936 2508 Lucius
953 2451 1164 2508 Caffius
1181 2451 1498 2527 LonginuS,
1520 2451 1692 2528 Cajus
1709 2449 1921 2510 Cethe·-

360 2552 487 2609 gus,
517 2534 753 2592 Publius
785 2549 839 2588 et
866 2530 1092 2588 Servius
1126 2531 1292 2589 Suuae
1339 2530 1516 2588 Servii
1535 2531 1662 2598 filii,
1717 2531 1921 2588 Lucius

360 2613 771 2690 Varguntejus,
828 2611 1084 2691 Quintus
1136 2608 1393 2677 Annius,
1443 2611 1665 2668 Marcus
1691 2609 1920 2669 Porcius

360 2689 539 2757 Laeea,
570 2690 775 2747 Lucius
820 2685 1021 2757 Bestia,
1056 2691 1312 2767 Quintus
1343 2689 1586 2747 Curius:
1631 2702 1916 2763 praterea,

358 2790 430 2837 ex
459 2770 697 2846 equestri
719 2767 944 2836 ordine,
976 2772 1206 2826 Marcus
1230 2768 1459 2832 Fulvius
1483 2767 1769 2833 Nobilior,
1799 2767 1918 2824 Lu-

357 2851 473 2906 cius
522 2849 792 2914 Statilius„
851 2849 1087 2906 Publius
1128 2848 1405 2906 Gabinius
1455 2848 1688 2924 Capito,
1716 2846 1918 2939 Gajus

362 2929 702 2987 Cornelius·
751 2926 822 2984 ad
868 2927 1001 2996 hoc,
1028 2930 1198 2985 multi
1229 2948 1298 2983 ex
1327 2927 1578 2990 coloniis
1591 2943 1646 2984 et
1673 2928 1916 2986 munici-

358 3008 491 3083 piis,
550 3008 709 3064 domi
760 3008 1005 3064 nobiles.
1091 3009 1268 3064 Erant
1297 3023 1561 3084 praeterea
1597 3009 1916 3084 complures

355 3087 553 3163 paullo
578 3087 847 3146 occultius
871 3087 1081 3144 consilii
1106 3087 1335 3164 hujusce
1361 3087 1657 3164 participes
1671 3086 1911 3154 nobileS,

352 3184 500 3241 quos
550 3168 747 3248 magis
757 3167 1157 3224 dominationis
1190 3167 1312 3242 spes
1340 3166 1691 3234 hortabatur,
1745 3185 1916 3242 quam

355 3245 575 3323 inopia,
632 3261 731 3304 aut
758 3247 867 3305 alia
910 3245 1284 3306 neceffitudo:
1343 3261 1601 3306 caeterum
1645 3248 1915 3380 jluventus

1623 3344 1668 3401 p
1691 3342 1912 3398 eraque,
