2387 4040
497 375 625 427 ιω
724 352 794 424 C.
853 346 1261 422 CRISPI
1307 347 1932 423 SALLUSTII

477 486 647 562 juxta
658 500 836 539 carus·
868 479 976 537 Sed
989 480 1208 538 Marius
1229 481 1480 557 inpigre,
1506 482 1928 557 prudenterque
1952 479 2045 538 su-

486 581 675 627 orum,
708 575 764 617 et
787 559 1032 616 hostium
1081 581 1165 617 res
1192 564 1403 637 pariter
1431 561 1771 618 adtendere:
1826 580 2046 637 cogno-

490 642 671 706 scere3
720 639 865 714 quid
897 640 1038 696 boni
1083 641 1354 715 utrisque,
1400 657 1494 698 aut
1521 657 1714 698 contra
1737 640 1896 698 effet:
1946 662 2047 712 ex-

478 723 704 798 plorare
730 718 931 775 itinera
957 739 1186 797 regum3
1224 721 1469 785 confilia,
1502 738 1555 776 et
1582 720 1805 778 infidias
1849 739 2047 780 eorum

485 799 842 859 antevenire:
889 799 1041 856 nihil
1069 800 1225 875 apud
1254 799 1305 855 se
1332 799 1634 866 remiffum,
1666 819 1853 875 neque
1890 798 2048 875 apud

478 881 611 939 illos
641 894 824 937 tutum
848 879 992 953 pati.
1078 881 1277 955 Itaque
1305 894 1361 935 et
1407 879 1667 944 Gaulos,
1724 894 1780 935 et
1820 881 2042 955 Jugur·

483 959 665 1026 tham,
697 981 768 1016 ex
795 959 955 1016 sociis
981 959 1179 1016 nostris
1225 958 1439 1034 praedas
1458 993 1465 1004 ι
1482 959 1715 1036 agentis,
1766 959 1915 1034 saepe
1942 956 2045 1014 ad-

482 1039 689 1118 gressus
715 1040 912 1098 itinere
934 1036 1178 1105 fuderat,
1204 1038 1496 1114 ipsumque
1522 1058 1709 1116 negem
1730 1036 1884 1096 haud
1905 1056 2043 1113 pro·

482 1120 579 1176 cul
605 1120 675 1174 ab
705 1115 929 1192 oppido
957 1118 1123 1174 Cirta
1167 1119 1337 1174 armis
1377 1132 1626 1175 exuerat.
1717 1120 1864 1194 Quae
1893 1116 2046 1194 post-

483 1218 657 1274 quam
683 1196 927 1273 gloriosa
952 1197 1153 1264 mod0,
1205 1217 1388 1272 neque
1438 1198 1571 1254 belli
1624 1197 1887 1273 patrandi
1938 1215 2050 1275 cog

467 1277 672 1343 'novin
702 1276 890 1333 statuit
914 1279 1092 1344 urbis,
1118 1297 1243 1352 quae
1265 1277 1425 1344 viris,
1452 1292 1550 1334 aut
1578 1279 1705 1336 loco
1731 1296 1838 1352 pro
1866 1276 2045 1338 hosti-

482 1358 613 1422 bm,
641 1373 698 1413 et
717 1355 1014 1413 advorsum
1040 1358 1092 1414 se
1115 1355 1612 1433 obportuniffumae
1635 1373 1816 1424 erant,
1846 1358 2041 1436 {ingus-

483 1439 568 1497 las
593 1438 991 1496 circumvenire
1006 1457 1023 1492 t
1057 1438 1134 1493 ita
1146 1436 1497 1514 jugurtham
1526 1453 1624 1495 aut
1641 1436 1911 1514 praefidiis
1933 1456 2043 1494 nu·

482 1517 705 1583 datum,
754 1516 794 1573 fi
832 1536 896 1572 ea
927 1532 1232 1593 pateretur,
1288 1533 1385 1574 aut
1429 1518 1624 1593 praelio
1672 1531 2040 1580 certaturum·

435 1595 444 1604 ’
482 1600 637 1657 Nam
660 1593 915 1657 Bocchus
960 1599 1205 1654 nuncios
1230 1597 1303 1654 ad
1332 1617 1462 1653 eum
1489 1598 1627 1673 saepe
1650 1600 1892 1663 miserat,
1916 1595 2047 1656 velle

484 1677 662 1751 Populi
686 1676 900 1733 Romani
922 1676 1217 1743 amicitiam,
1246 1696 1307 1731 ne
1346 1677 1464 1751 quid
1480 1678 1614 1754 absc
1641 1673 1802 1752 hostile
1827 1678 2039 1735 timeret.

482 1757 559 1814 Id
587 1754 923 1813 fimulaver'it
947 1765 1043 1822 ne,
1074 1775 1190 1831 quo
1222 1757 1541 1831 inprovisus
1566 1758 1793 1835 gravior
1812 1757 2043 1814 accede-

486 1851 599 1903 ret,
629 1856 703 1893 an
742 1834 1057 1892 mobilitate
1107 1831 1330 1912 ingenii
1374 1855 1594 1911 pacem,
1623 1852 1791 1914 atque
1832 1837 2048 1896 bellum

483 1929 702 1976 mutare
731 1914 949 1981 solitus,
979 1933 1182 1990 parum
1209 1915 1569 1991 exploratum
1594 1916 1694 1975 est.

571 2076 808 2136 XCIV.
840 2076 950 2134 Sed
973 2077 1215 2145 Consul,
1241 2078 1328 2135 uti
1354 2076 1901 2155 statuerat,·oppida‚·
1930 2077 2046 2139 cas-
2158 2143 2163 2148 ,

485 2159 726 2234 tellaque
753 2158 974 2215 munita
1020 2158 1174 2215 adire
1191 2178 1208 2212 ι
1255 2164 1465 2233 partim
1489 2159 1571 2225 vi,
1603 2159 1713 2216 alia
1741 2175 1919 2225 metu,
1945 2174 2045 2217 ant

482 2237 718 2316 praemia
768 2235 1120 2305 ostentando,
1179 2253 1431 2294 avortere
1482 2236 1551 2294 ab
1589 2236 1863 2296 hostibus.
1948 2239 2045 2297 Ae

484 2319 679 2396 primo
715 2315 1026 2374 mediocria
1067 2318 1310 2392 gerebat,
1344 2316 1679 2375 existumans
1693 2316 2043 2394 Jugurtham

482 2399 559 2454 ob
588 2397 712 2454 suos
742 2394 1007 2452 tutandos
1033 2398 1096 2451 in
1116 2416 1316 2452 manus
1332 2412 1657 2455 venturum.
1703 2397 1812 2456 Sed
1839 2399 1941 2455 ubi
1968 2398 2041 2457 il-

483 2477 606 2534 lum
634 2476 833 2551 procul
880 2473 1078 2541 abesse,
1113 2490 1170 2531 et
1213 2474 1338 2532 aliis
1367 2477 1617 2553 negotiis'
1638 2478 1924 2535 intentum
1949 2499 2041 2535 ac·

484 2556 673 2632 cepit3
721 2556 957 2633 majora,
1007 2570 1062 2610 et
1090 2555 1269 2632 magis
1292 2554 1505 2630 ,aspera
1552 2557 1789 2634 adgredi
1821 2573 2042 2634 tempus

483 2636 663 2694 visum
693 2635 788 2693 est.
861 2637 995 2692 Erat
1019 2636 1169 2691 inter
1214 2636 1458 2712 ingentis
1504 2635 1835 2697 solitudines
1864 2639 2042 2715 oppi-

484 2716 626 2775 dum
645 2735 939 2794 magnum,
969 2730 1131 2791 atque
1146 2717 1357 2781 valens,
1383 2716 1615 2773 nomine
1633 2716 1847 2792 Capsa:
1882 2723 2043 2796 cujus

484 2797 751 2854 conditor
771 2797 1040 2854 Hercules
1062 2796 1237 2873 Libys
1259 2796 1694 2856 memorabatur.
1739 2797 1874 2874 Ejus
1894 2800 2041 2856 cives

486 2875 641 2950 apud
657 2875 1003 2951 jugurtham
1044 2876 1329 2941 inmuneS,
1360 2875 1468 2932 levi
1498 2876 1762 2951 imperio,
1794 2892 1851 2933 et
1874 2881 1949 2935 ob
1978 2899 2042 2936 ea

487 2954 810 3011 fidelissumi
838 2953 1221 3013 habebantur:
1272 2955 1483 3011 muniti
1531 2955 1827 3015 advorsum
1868 2957 2041 3017 hostis

487 3054 609 3090 non
634 3034 910 3090 moenibus
937 3034 1136 3101 modo,
1170 3050 1224 3089 et
1243 3035 1434 3101 armis,
1466 3050 1632 3111 atque
1659 3035 1817 3105 viris,
1843 3058 2042 3105 verum

488 3114 657 3171 etiam
702 3113 883 3170 multo
928 3113 1101 3192 magis
1151 3115 1410 3172 locorum
1461 3115 1775 3192 asperitate.
1858 3119 2036 3187 Nam,

483 3208 687 3272 praeter
710 3191 931 3269 oppido
954 3197 1304 3270 propinqua,
1358 3196 1553 3252 omnia
1601 3195 1769 3263 vasta,
1798 3197 2037 3268 inculta,

484 3274 704 3354 egentia
749 3293 938 3350 aqua..
975 3273 1172 3335 infesta
1212 3273 1601 3353 serpentibus
1644 3295 1886 3354 quarum
1924 3279 2036 3349 viz,

1897 3356 2034 3416 ficut
