2387 4040
516 377 646 465 198
751 376 833 443 L.
902 372 1364 449 ANNAEI
1418 378 1821 449 FLOR!

499 500 600 557 vix
629 499 815 575 potuit
841 478 1171 561 incendiuin
1214 505 1492 582 extingui,
1522 506 1680 582 quod
1704 505 1967 562 domibus
1992 524 2053 562 ae

503 580 727 654 templis
749 580 858 636 suis
886 583 1084 657 sponte
1111 584 1290 641 hostes
1317 585 1693 643 immiserant:
1748 601 1834 652 ut,
1864 600 2056 659 quate-

505 678 610 793 nuis
659 661 792 716 urbs
820 661 965 739 eripi
991 664 1273 721 Romanis
1298 683 1416 721 non
1455 681 1698 741 poterat,
1729 664 2061 740 triumphus

502 756 564 795 ar
606 755 746 797 eret.

920 923 992 986 'C
1077 928 1136 986 A
1219 930 1288 986 Ρ.
1461 930 1639 990 XVI.

1033 1088 1225 1145 Bellum
1256 1086 1535 1146 Achaicum.

513 1223 869 1443 QUASI
913 1225 1158 1282 seculum
1200 1225 1347 1282 illud
1396 1212 1768 1281 eversionibus
1806 1224 2058 1280 Urbium

692 1319 966 1370 currerem
1004 1306 1080 1361 ita
1111 1304 1470 1382 Carthaginis
1497 1306 1719 1361 ruinam
1748 1304 1926 1359 statim
1943 1304 2061 1360 Co-

505 1407 596 1442 rm
670 1406 729 1442 us
782 1385 1026 1460 excepit,
1072 1383 1304 1440 Achaiae
1361 1399 1551 1457 caput,
1599 1384 1823 1443 Graeciae
1860 1384 2055 1446 decus,

509 1470 658 1523 inter
685 1466 802 1522 duo
831 1464 1282 1534 maria,Jonium
1311 1479 1365 1517 et
1406 1464 1675 1538 AEgaeum,
1707 1461 1855 1536 quasi
1901 1463 2056 1536 spec-

509 1548 696 1603 taculo
722 1544 990 1619 expofita.
1056 1544 1215 1607 Haec,
1248 1562 1283 1598 o
1313 1540 1523 1598 facinus
1552 1542 1907 1617 indignuml‘
1926 1556 2053 1595 ante

507 1624 763 1700 oppreffa
791 1624 886 1690 est,
917 1624 1159 1696 quamin
1175 1642 1474 1678 numerum
1501 1637 1781 1678 certorum
1810 1619 2056 1679 hostium

508 1704 826 1760 referretur.
930 1703 1217 1758 Critolaus
1247 1701 1401 1758 causa
1428 1702 1588 1775 belli,
1617 1700 1714 1774 qui
1745 1701 1996 1755 libertate
2025 1720 2056 1754 a

511 1783 786 1839 Romariis
814 1780 942 1836 data
967 1780 1223 1837 adversus
1252 1781 1401 1853 ipsos
1430 1780 1555 1837 usus
1587 1780 1681 1845 est,
1713 1779 2056 1856 Legatosque

507 1863 820 1926 Romaim,
875 1860 1115 1916 dubium
1146 1881 1219 1915 an
1249 1861 1320 1917 est
1349 1861 1564 1917 manu?
1605 1875 1749 1916 certe
1775 1860 2051 1923 oratione,

469 1948 480 1953 ‘
506 1942 759 1999 violavit.
846 1941 1032 2017 Igitur
1060 1940 1320 2005 Mete110‚
1344 1940 1630 1996 ordinanti
1656 1961 1785 1999 curn
1812 1941 2055 1995 maxime

507 2019 926 2086 Macedoniam,
957 2019 1226 2076 Mandata
1255 2020 1327 2077 est
1355 2020 1499 2077 ultio
1521 2042 1537 2075 ι
1584 2022 1655 2086 Et
1680 2020 1815 2076 hinc
1853 2019 2054 2075 Acha-

508 2105 659 2159 icum
685 2102 918 2156 bellum.
965 2102 1055 2156 Ac
1084 2100 1335 2175 primum
1367 2100 1610 2158 Critolai
1647 2121 1881 2160 manum
1930 2101 2066 2155 Me-.

509 2183 674 2238 tellus
704 2180 941 2247 Consul,
986 2199 1087 2255 per
1116 2195 1366 2252 patentes
1397 2181 1576 2237 Elidis
1620 2200 1872 2256 campos,
1932 2196 2065 2252 toto·

415 2291 426 2299 ⁵
509 2260 712 2318 cecidit
758 2260 1016 2334 Alpheo.
1108 2260 1178 2313 Et
1224 2277 1340 2315 uno
1395 2260 1585 2335 praelio
1636 2260 1917 2333 peraoftum
1944 2275 2065 2315 erat

508 2341 745 2396 bellum.
822 2340 954 2411 Jam
997 2354 1050 2395 et
1094 2341 1288 2395 urbem
1315 2339 1490 2413 ipsam
1535 2343 1772 2398 terrebat
1798 2341 2053 2402 obfidi03

505 2419 635 2482 Sed,
682 2437 716 2473 ο
744 2418 851 2474 fata
901 2419 1118 2473 1erum!
1169 2422 1370 2494 Quum
1424 2420 1687 2476 Metellus
1727 2420 2057 2485 dimicaffet‚

507 2499 580 2554 ad
605 2496 892 2554 vistoriam
933 2499 1247 2553 Mummius
1273 2498 1446 2554 venit.
1532 2499 1643 2557 Hic
1671 2501 1896 2557 alterius
1934 2502 2058 2558 Du-

508 2577 757 2652 cis,Diaei
787 2578 893 2633 late
932 2578 1238 2633 exercitum
1283 2576 1380 2634 sub
1425 2579 1551 2654 ipsis
1578 2578 1778 2636 Isthmi
1808 2580 2063 2637 faucibus

507 2657 680 2725 fudit,
715 2658 1072 2735 geminosque
1102 2672 1295 2730 portus
1324 2658 1590 2733 sanguine
1618 2657 1832 2717 infecit.
1902 2660 2057 2718 Tum

507 2742 577 2795 ab
631 2740 836 2795 incolis
864 2738 1072 2793 deserta
1124 2737 1336 2803 civitam,
1383 2738 1604 2813 direpta
1654 2741 1933 2812 primum,
1960 2739 2058 2800 de-

503 2818 808 2894 indeffuba
835 2818 1190 2892 praecinente‚
1239 2816 1421 2873 deleta
1462 2817 1556 2874 est.
1649 2818 1813 2895 Quid
1854 2818 2057 2896 Signo-

506 2918 653 2963 rum,
688 2896 827 2970 quid
878 2895 1155 2961 Vestium,
1189 2897 1399 2971 quidve
1444 2899 1792 2958 Tabularum
1831 2914 2058 2974 raptum

504 2975 818 3040 incensum,
871 2990 1030 3048 atque
1072 2976 1381 3051 projefikum
1407 2978 1513 3036 est!
1565 2980 1818 3054 Quantas
1847 2997 1983 3054 opes
2005 2993 2077 3034 etr

507 3054 809 3121 abstulerit,
838 3070 893 3109 et
921 3056 1268 3122 cremaverit,
1326 3055 1461 3113 hinc
1492 3057 1648 3122 scias,
1691 3056 1873 3132 quod,
1899 3060 2057 3132 quic-

505 3135 643 3212 quid
675 3131 970 3191 Corinthii
1000 3135 1119 3189 aeris
1151 3149 1269 3191 toto
1301 3137 1437 3191 orbe
1452 3136 1745 3203 laudatur,
1790 3138 2059 3196 incendio

505 3213 827 3291 superfuiffe
851 3215 1221 3289 comperimus
1244 3238 1258 3279 3
1310 3215 1456 3272 Nam
1481 3232 1535 3270 et
1561 3217 1678 3280 aeris
1702 3232 1898 3274 notam
1926 3235 2059 3293 pre·

511 3296 783 3354 tioliorem
813 3295 927 3372 ipsa
959 3292 1382 3370 opulentiffimae
1423 3295 1595 3354 Utbis
1647 3294 2049 3380 feqit‘injuria:

1931 3393 2067 3452 quia.
