2387 4040
8 3296 9 3305 ⁴
8 3252 9 3257 Α
6 3092 13 3203 ᾼᾼ,
8 2932 12 2957 v
8 2848 10 2879 ᾼ,
8 2766 9 2781 ᾼ

443 368 635 453 2¹20.
783 316 871 414 z.
935 343 1378 419 ANNAEJ
1442 347 1813 418 from

827 550 948 641 ”c
1035 583 1095 638 A
1178 584 1246 637 P.
1421 546 1629 641 vus

987 743 1175 798 Bellum
1210 742 1251 797 C
1252 724 1471 799 rettczim

596 874 820 930 RETI
842 873 890 930 C
909 874 1044 929 UM
1083 874 1320 938 bellum,
1353 873 1390 928 fi
1442 894 1570 929 vera
1596 873 1853 929 volumus
1886 874 2019 928 nos-

622 975 764 1019 cere,
796 973 898 1008 nos
926 952 1191 1016 fecimus*
1229 953 1341 1011 sola
1358 952 1623 1008 vincendi
1651 952 1938 1006 nobilem
1925 973 2018 1006 m-

456 1032 631 1087 sulam
675 1033 1007 1108 cupiditate.
1096 1031 1297 1087 Faviffe
1325 1029 1650 1088 Mithridati
1691 1031 2014 1087 videbatur.

453 1112 586 1166 Hoc
613 1112 828 1185 placuit
855 1112 1021 1166 armis
1049 1102 1356 1167 vindicare.
1443 1111 1666 1167 Primus
1706 1111 1941 1165 invasit
1926 1131 2020 1165 ιιι-

416 1193 422 1198 “
453 1189 633 1244 sulam
654 1191 879 1245 Marcus
903 1190 1220 1254 Antonius,
1251 1208 1378 1245 cum
1406 1188 1625 1263 ingenti
1646 1189 1878 1264 quidem
1903 1190 2019 1245 vic-

458 1269 612 1324 toriae
640 1269 733 1343 spe
760 1283 925 1343 atque
952 1267 1180 1334 fiducia,
1212 1268 1389 1332 ade0,-
1406 1283 1471 1322 ut
1496 1270 1686 1341 plures
1714 1284 1929 1324 catenas
1957 1268 2023 1323 in

456 1348 713 1415 navibus,
740 1368 909 1423 quam
935 1369 1087 1403 arina
1113 1344 1382 1423 portare‘t.
1469 1345 1643 1401 Dedit
1682 1349 1870 1421 itaque
1898 1368 2019 1421 poe-

455 1448 557 1483 nas
582 1428 877 1484 vecordiae.
968 1428 1114 1482 Nam
1162 1425 1449 1501 plerasque
1477 1445 1641 1480 naves
1679 1428 2023 1500 intercepere

455 1505 671 1563 hostes:
726 1508 1051 1583 captivaque
1080 1525 1320 1579 corpora
1341 1506 1571 1581 religata
1609 1506 1746 1565 velis
1774 1525 1835 1560 ac
1865 1504 2020 1559 funi-

459 1587 563 1641 bus
592 1587 943 1660 pependere:
978 1606 1039 1642 ac
1084 1584 1149 1639 fic
1177 1584 1513 1639 velificantes
1544 1582 2025 1657 triumphantium

451 1664 519 1719 in
557 1664 793 1720 modum
824 1666 1016 1721 Cretes
1061 1662 1320 1738 portibus
1346 1662 1455 1717 fuis
1508 1662 2018 1737 adremigaverunt.

456 1744 721 1798 Metellus
748 1742 956 1797 deinde
989 1757 1160 1797 totam
1187 1741 1426 1796 insulam
1474 1741 1595 1816 igni
1626 1740 1886 1814 ferroque
1914 1760 2020 1815 po-

459 1822 707 1895 pulatus,
730 1821 876 1876 intra
897 1821 1107 1876 castella
1130 1834 1184 1874 et
1198 1821 1360 1874 urbes
1385 1819 1618 1893 redegit,
1644 1835 1697 1874 et
1715 1819 2018 1887 Gnosium,

463 1916 516 1955 et
546 1899 910 1978 Erythraeam,
940 1915 1015 1966 et,
1050 1915 1111 1954 ut
1141 1898 1325 1955 Graeci
1352 1898 1532 1954 dicere
1580 1899 1779 1965 solent,
1829 1899 2023 1955 urbium

460 1990 666 2035 matrem
694 1978 1049 2055 Cydoniam.
1086 1974 1336 2052 adeoque
1365 1976 1535 2038 faeve
1518 1998 1580 2033 ιιι
1607 1978 1790 2052 captiv
1793 1997 1854 2034 os
1882 1976 2034 2035 con?

461 2059 764 2123 sulebatur‚
792 2074 853 2114 ut
880 2078 1094 2115 veneno
1119 2056 1170 2111 se
1218 2058 1472 2131 plerique
1498 2057 1868 2114 conficerent.
1923 2059 2024 2113 alii

462 2137 815 2194 deditionem
855 2138 1006 2195 suam
1034 2137 1104 2193 ad
1156 2135 1495 2225 Ponipeium
1524 2136 1805 2192 absentem
1831 2138 2020 2192 mitte-

449 2233 610 2272 .rent.
699 2220 770 2273 Et
797 2236 971 2290 quum
1010 2218 1108 2272 ille
1135 2234 1218 2269 res
1266 2214 1327 2269 in
1357 2215 1487 2271 Afia
1515 2235 1730 2291 gerens,
1765 2235 1831 2270 eo
1881 2236 2027 2290 quo-

463 2317 573 2369 que
597 2295 918 2386 praefeftum
946 2295 1163 2351 mififfet
1188 2293 1536 2358 Antonium,
1585 2296 1648 2349 in
1675 2297 1855 2350 aliena
1885 2314 2023 2370 pro-

463 2375 646 2430 vincia
693 2376 920 2430 inclitus
949 2374 1086 2430 fuit:
1146 2392 1322 2447 eoque
1361 2373 1611 2428 infestior
1655 2375 1918 2429 Metellus
1962 2375 2026 2430 in

464 2451 685 2508 hostes
661 2473 754 2528 jus
777 2452 1014 2510 vistoriae
1041 2452 1632 2526 exercuit.vi61isque
1660 2453 1929 2517 Lasthene
1970 2470 2027 2511 et

470 2533 685 2588 Panare
707 2531 988 2610 Cydonia:
1007 2533 1266 2597 ducibus,
1288 2531 1466 2587 vietor
1485 2531 1674 2606 rediit.
1721 2534 1838 2587 Nec
1861 2535 2023 2607 quic·
2048 2597 2055 2606 .

464 2631 631 2685 quam
656 2612 894 2687 amplius
919 2627 1104 2668 tamen
1127 2611 1197 2666 de
1215 2626 1326 2666 tam
1349 2611 1554 2668 famosa
1575 2610 1825 2679 vidioria,
1852 2632 2024 2687 quam

465 2710 784 2769 cognomen
813 2691 1052 2750 Creticum
1080 2690 1407 2768 reportavit.
